2536 4255
14 201 85 243 Qun.
100 199 142 232 D.

28 240 114 279 1625ss

17 283 62 308 dn.
85 287 108 309 1.

16 323 74 348 Car.
82 325 105 348 1.

2 1554 144 1598 51117111.

40 1614 106 1643 323·

725 117 836 167 ET
926 118 1199 162 ACTA

162 211 197 234 ex
221 200 391 236 fundatione
416 203 515 235 Thome
541 203 643 235 White
668 204 753 236 Sacre
776 202 942 248 Theologie
959 204 1126 236 Professoris
1144 202 1232 243 erigi—

161 250 229 310 ¹mus
244 252 375 274 creamus
393 244 574 275 nominamus
590 242 738 275 fundamus
757 244 792 274 &
807 241 963 273 stabilimus
981 243 1098 276 firmiter
1105 244 1231 282 perPre·

174 289 261 312 entes.

204 318 246 350 Et
260 319 376 351 ulterius
391 320 543 358 volumus,
558 330 591 350 ac
607 328 656 356 per
672 318 831 357 Presentes,
845 329 900 359 pro
918 319 1002 350 nobis
1018 320 1179 352 Heredibus
1193 322 1227 359 &

161 356 383 391 Successoribus
398 359 501 390 nostris
519 356 718 388 constituimus
733 358 766 388 ὅ(
783 358 965 396 ordinamus,
988 359 1066 396 quod
1081 359 1117 390 de
1131 368 1227 390 cetero

160 396 375 436 imperpetuum
400 390 693 436 EpiscopusLondon
716 405 774 432 pro
789 404 920 433 tempore
935 397 1054 427 existens
1069 399 1101 429 sit
1124 399 1178 428 erit
1192 398 1226 429 ὅ(

159 436 314 467 vocabitur
331 435 424 473 Prefi's
438 434 548 470 Collegii
562 433 594 462 de
609 436 677 470 Syon
693 433 765 463 infra
781 433 937 475 Civitatem
954 435 1091 474 London,
1109 446 1143 467 ex
1157 437 1225 467 fun-

159 472 276 505 datione
290 474 388 506 Th'ome
403 475 445 503 W
445 472 503 502 hite
515 472 599 502 Sacre
612 471 783 512 Theologie
794 472 976 510 Professoris,
995 473 1034 504 Et
1048 475 1125 512 quod
1135 477 1222 506 etiam

158 512 192 543 sit
209 523 279 544 unus
291 512 489 551 predictorum
504 509 665 540 Rediorum
681 511 727 540 vel
742 510 923 541 Vicariorum
938 511 1060 548 spectate
1096 515 1225 544 robitatis

159 551 194 581 &
209 551 355 588 doctrine,
374 549 528 586 videlicet,
546 548 633 580 Sacre
647 548 813 587 Theologie
829 549 975 580 Professor
990 551 1020 579 10
1035 561 1068 580 or
1090 553 1135 581 ine
1144 552 1223 582 Pres-

162 590 298 620 biteratus
312 587 485 618 constitutus
495 610 505 625 ,
523 588 572 625 qui
588 588 640 617 erit
653 588 687 618 ὃ(
703 588 849 618 vocabitur
860 588 1023 628 Vicepreses
1039 590 1109 619 dieti
1126 590 1224 621 Colle-

161 627 370 667 giigwquodque
387 626 424 656 de
440 634 537 656 cetero
552 626 676 656 similiter
695 626 834 666 perpetuis
848 626 947 657 suturis
958 629 1154 667 temporibuS,
1171 628 1223 659 sint

159 666 194 697 &
210 674 293 705 erunt
309 665 367 695 duo
379 664 426 695 alii
441 665 636 702 prediCtorum
661 663 826 695 Rediorum
850 665 906 696 five
927 666 1108 696 Vicariorum
1133 667 1173 704 pii
1189 668 1223 698 &

157 704 261 735 eruditi
283 704 339 735 vIri
357 703 499 734 consimili
521 703 623 734 ordine
643 703 811 739 constituti,
830 705 879 743 qui
897 713 977 735 erunt
993 704 1026 735 ὃ(
1040 705 1222 736 vocabuntur

158 742 272 774 Decani
288 742 407 781 prediffl
427 742 570 781 Collegii3
589 743 622 774 ὃ(
637 749 758 781 quatuor
771 742 817 772 alii
836 743 1032 779 predictorum
1057 742 1222 774 Reeiorum

156 781 215 812 sive
233 780 430 820 Vicariorum,
448 783 497 820 qui
518 788 602 811 erunt
624 780 658 810 &
677 782 903 811 nominabuntur
923 781 1084 812 Affistentes
1104 783 1222 820 predidti

157 818 290 858 Collegii
311 821 348 851 de
368 824 436 855 Sion
458 820 529 850 infra
547 819 705 849 Civitatem
727 820 845 849 London
868 829 901 849 ex
931 819 1099 850 fundatione
1125 821 1223 851 Thome

159 860 204 889 W
204 858 263 889 hite
279 859 365 890 Sacre
381 858 547 896 Theologie
560 856 747 895 Profefforis3
762 867 796 888 ac
811 858 890 895 quod
905 859 1005 897 reliqui
1022 859 1162 890 Rectores
1170 860 1222 891 Vi-

156 898 229 928 ·cari'i
245 898 386 929 Lectores
399 896 516 928 Publici
532 896 565 927 &
585 894 685 926 Curati
704 897 774 928 infra
795 896 952 928 Civitatem
962 898 1077 928 London
1095 900 1128 930 &
1146 899 1222 929 Sub—

155 937 241 967 urbia
268 936 391 975 ejusdem
409 947 420 973 3
457 943 582 974 quorum
608 935 777 966 Parocliiani
803 936 849 966 vel
873 946 978 967 eorum
1005 937 1088 974 aliqui
1107 939 1158 968 sint
1177 939 1223 967 in-

157 974 200 1006 fra
221 974 380 1006 Civitatem
398 975 476 1005 illam
494 973 540 1005 vel
560 973 716 1014 Libertates
732 974 855 1012 ejusdem
881 985 1100 1006 commorantes
1116 999 1126 1013 ,
1163 984 1222 1006 tam

155 1012 303 1045 Presentes
321 1023 406 1052 quam
426 1013 510 1044 futuri
528 1022 580 1052 pro
596 1021 728 1050 ternpore
746 1013 891 1044 existentes
916 1013 1023 1044 ibidem
1048 1014 1196 1044 residentes
1211 1036 1222 1052 ,

155 1053 239 1124 ῗεέξη
255 1053 357 1084 ordine
374 1052 572 1084 Presbiteratus
591 1052 741 1082 constituti
759 1074 770 1090 ,
808 1061 890 1083 erunt
914 1052 993 1082 Socii
1013 1051 1137 1090 Collegii
1158 1062 1223 1090 pre-

177 1101 187 1122 i
220 1101 238 1122 1.

192 1129 233 1166 Et
249 1137 281 1161 ut
296 1129 351 1160 hec
369 1129 415 1166 pia
429 1128 463 1160 &
478 1128 645 1160 charitativa
654 1128 779 1159 Intentio
793 1127 941 1158 meliorem
956 1129 1050 1165 capiat
1063 1128 1222 1167 Effe&um,

157 1170 193 1201 &
209 1178 239 1200 ut
253 1169 348 1199 Terre
361 1168 545 1199 Tenementa
559 1168 637 1198 Bona
651 1167 757 1198 Catalla
772 1168 804 1197 &
828 1165 1079 1204 l-leteditarnenta,
1105 1168 1140 1199 ad
1155 1167 1223 1198 Ma-

156 1209 357 1239 nutentionem
373 1206 498 1246 Collegit
510 1206 651 1246 predicti,
668 1205 788 1241 Presidis
812 1204 997 1241 Vicepresidis
1019 1205 1133 1237 Decani
1148 1206 1223 1236 Affi-

156 1245 293 1277 stentium
309 1247 343 1278 &
358 1245 532 1282 Sociorum,
550 1255 664 1276 necnon
678 1244 839 1283 Pauperum
856 1243 886 1272 in
907 1243 1012 1273 Domo
1029 1244 1222 1275 Eleemosina-

156 1286 196 1317 ria
212 1285 354 1324 prodieta,
371 1284 576 1324 Eligendorum
593 1284 626 1314 &
636 1281 949 1318 Collocandorum‚de
966 1292 1099 1321 tempore
1113 1285 1142 1314 in
1149 1293 1223 1314 tem-

155 1335 226 1363 pus,
246 1322 345 1355 melius
367 1323 427 1353 dari
443 1321 565 1352 concedi
584 1321 707 1358 perquiri
722 1322 756 1352 &
776 1318 909 1358 poffideri
925 1321 1054 1363 possent,
1072 1322 1223 1361 volumus,

154 1373 189 1394 ac
205 1372 254 1401 per
270 1361 412 1393 Presentes
425 1370 477 1399 pro
490 1360 575 1390 nobis
587 1359 747 1390 Heredibus
766 1359 800 1399 &
815 1358 1029 1390 Successoribus
1049 1360 1168 1399 nostris,
1186 1362 1223 1392 de

157 1401 302 1433 confimili
318 1399 418 1430 Gratia
430 1397 526 1429 nostra
541 1397 672 1435 speciali,
690 1407 724 1428 ac
743 1407 778 1428 ex
793 1406 873 1428 certa
880 1397 1047 1431 Scientia&
1057 1410 1138 1431 mero
1148 1399 1223 1431 Mo-

155 1448 188 1472 tu
203 1438 323 1474 nostris,
340 1436 527 1467 concedimus
540 1437 573 1467 &
588 1435 805 1475 constituimus,
827 1436 903 1474 quod
919 1437 996 1468 idem
1021 1437 1116 1470 Preses
1134 1438 1223 1470 Vice-

178 1477 246 1509 reses
259 1475 374 1507 Decani
388 1473 552 1505 Affistentes
568 1476 602 1507 &
616 1474 696 1506 Socii
711 1475 782 1506 dit‘j’ti
798 1474 919 1515 Collegii
935 1477 967 1506 &
978 1476 1160 1514 Successores
1168 1479 1219 1517 sui,

168 1525 209 1548 int
223 1516 257 1547 &
271 1522 353 1546 erunt
368 1513 404 1543 de
419 1522 518 1545 cetero
531 1513 747 1552 Imperpetuum
765 1513 880 1551 Corpus
895 1513 1088 1552 Corporaturn
1104 1518 1138 1548 &
1161 1517 1222 1548 Po-

156 1555 268 1586 liticum
283 1554 316 1583 iii
329 1551 377 1583 Re
392 1552 484 1583 Facio
507 1552 541 1584 ὃ(
562 1552 714 1590 Nomine,
732 1563 781 1591 per
802 1553 926 1583 Nomen
946 1556 961 1571 ⁸
981 1554 1100 1585 Presidis
1114 1557 1149 1587 &
1166 1555 1223 1587 So-

157 1591 270 1626 ciorum
287 1590 412 1630 Collegit
426 1591 461 1622 de
473 1594 542 1631 Syon
564 1591 636 1622 infra
657 1591 814 1622 Civitatem
838 1593 969 1631 London,
986 1602 1021 1623 ex
1045 1593 1224 1626 Fundatione

154 1633 254 1666 Thome
278 1630 378 1661 White
401 1629 487 1661 Sacre
509 1630 673 1670 Theologie
696 1629 884 1669 Professoris,
906 1631 938 1661 &
962 1641 1010 1662 eos
1029 1641 1079 1669 per
1095 1632 1221 1664 Nomen

155 1671 274 1704 Presidis
289 1671 322 1701 &
335 1669 491 1700 Sociorum
507 1668 634 1708 Collegii
655 1668 692 1699 de
715 1672 785 1708 Syon
808 1669 879 1700 infra
905 1668 1062 1700 Civitatem
1083 1671 1220 1710 London‘,

153 1720 189 1743 ex
210 1709 382 1741 fundatione
403 1707 502 1738 Thome
522 1707 618 1737 White
638 1707 725 1738 Sacre
748 1708 913 1746 Theologie
934 1708 1106 1740 Professoris
1128 1720 1220 1741 unum

151 1748 269 1787 'Corpus
283 1748 346 1778 Cor
366 1751 480 1777 oratum
492 1747 526 1778 ὅ(
542 1744 703 1778 Politicum
719 1747 749 1777 in
764 1745 812 1777 Re
830 1746 921 1777 Facto
933 1747 967 1777 &
989 1747 1124 1778 Nomine
1140 1749 1221 1779 reali-

150 1796 195 1819 ter
214 1790 247 1820 &
269 1786 305 1817 ad
331 1796 349 1824 p
361 1795 450 1817 enum
470 1795 525 1823 pro
546 1786 630 1816 nobis
651 1785 816 1816 Heredibus
830 1786 863 1816 &
880 1785 1094 1816 Successoribus
1116 1787 1220 1818 nostris

149 1828 285 1867 erigimus
296 1825 421 1856 facimus
437 1824 600 1855 ordinamus
613 1823 815 1856 constituimus
829 1822 1035 1855 confirmamus
1049 1826 1083 1856 ὃ(
1092 1825 1219 1857 declara-

148 1876 214 1898 mus
229 1875 278 1905 per
293 1863 450 1902 Presentes,
468 1864 502 1895 ὃς
516 1862 594 1901 quod
609 1869 658 1901 per
674 1863 752 1892 idern
766 1861 888 1906 Nomen
914 1864 1096 1894 vocabuntur
1113 1865 1146 1895 &
1168 1865 1218 1896 ha-

148 1905 238 1936 beant
253 1902 471 1935 successionem
485 1910 672 1940 perpetuam,
689 1901 723 1932 &
738 1902 815 1940 quod
829 1902 878 1939 ipsi
888 1923 897 1939 ,
913 1911 964 1939 per
985 1902 1110 1933 Nomen
1129 1903 1219 1935 Preli-

152 1944 197 1975 dis
209 1944 242 1974 ὅ(
258 1942 412 1973 Sociorum
428 1939 556 1977 Collegii
571 1940 606 1971 de
618 1943 688 1979 Syon
705 1940 779 1970 infra
797 1939 958 1971 Civitatem
968 1942 1086 1972 London
1101 1951 1136 1972 ex
1151 1942 1217 1973 fun-

152 1983 272 2014 datione
291 1980 389 2011 Thome
404 1979 504 2010 White
517 1978 603 2010 Sacre
618 1978 786 2020 Theologie
800 1979 985 2016 Professoris,
1005 1979 1059 2011 sint
1080 1982 1114 2011 δε
1136 1991 1219 2013 erunt

173 2021 294 2061 erpetuis
308 2019 407 2050 futuris
421 2018 598 2055 temporibus
608 2018 725 2056 persone
741 2019 847 2049 habiles
860 2020 894 2050 ὃ(
910 2019 939 2048 in
960 2018 1022 2057 lege
1037 2028 1173 2058 capaces,
1182 2021 1218 2051 ad

151 2032 316 2091 {mendum
332 2057 550 2097 perquirendum
565 2056 762 2096 recipiendum
775 2058 808 2088 &
829 2056 1030 2094 possidendum
1045 2058 1219 2089 TerrasTe-

151 2107 286 2130 nementa
305 2097 462 2128 Libertates
475 2095 623 2135 Privilegia
641 2095 855 2133 Jurisdicstiones
875 2096 1052 2127 Francbesias
1073 2097 1107 2128 &
1125 2096 1218 2128 Here-

150 2137 323 2173 ·ditamenta,
342 2135 534 2174 cujuscunque
550 2135 661 2172 generis
676 2143 773 2166 nature
785 2134 830 2165 vel
845 2136 946 2172 speciei
971 2135 1094 2174 fuerint,
1116 2135 1168 2166 sibi
1183 2138 1217 2167 ὃ(

151 2175 366 2207 811000110110113
380 2174 431 2204 suis
444 2175 473 2204 in
488 2174 585 2205 Feo'do
597 2174 631 2205 δε
645 2174 845 2212 perpetuitate,
861 2183 895 2203 ac
910 2175 997 2204 etiam
1011 2174 1090 2205 Bona
1108 2175 1141 2204 &
1157 2174 1218 2206 Ca-

153 2216 217 2245 talla
231 2216 264 2246 &
281 2214 459 2252 quascunque
472 2213 536 2243 alias
550 2222 592 2243 res
607 2212 798 2251 cujuscunque
813 2213 924 2249 generis
940 2221 1038 2243 nature
1052 2213 1097 2243 vel
1112 2212 1217 2251 speciei

151 2253 276 2290 fuerint,
297 2262 412 2282 necnon
427 2251 462 2282 ad
475 2250 599 2282 dandum
616 2251 838 2282 concedendurn
852 2251 1059 2282 dimittendum
1073 2252 1107 2282 δε
1129 2252 1218 2290 affig-

151 2292 281 2323 naiidum
296 2292 402 2322 Terras
416 2290 598 2322 Tenementa
614 2290 648 2321 ὃ(
674 2289 906 2321 Hereditamenta
928 2289 1006 2322 Bona
1026 2291 1059 2321 &
1083 2290 1191 2330 Catalla
1206 2303 1217 2331 3

149 2331 199 2361 Ac
213 2331 300 2360 etiam
324 2330 422 2359 omnia
443 2330 476 2360 ὅ(
499 2328 600 2368 singula
614 2328 665 2359 alia
683 2329 771 2359 Facta
791 2329 824 2359 &
840 2328 898 2359 Res
918 2328 1084 2360 faciendum
1102 2330 1135 2360 &
1152 2339 1217 2361 exe-

150 2369 300 2407 quendum
323 2369 372 2405 pei·
388 2366 512 2398 Nomen
530 2367 707 2405 predictum,
722 2377 777 2406 que
792 2367 844 2398 ulla
861 2368 913 2397 alia
936 2367 1070 2406 Corpora
1091 2368 1214 2400 Politica

145 2407 223 2439 infra
238 2406 376 2444 Regnum
389 2406 516 2436 nostrum
533 2405 636 2443 Anglie
648 2404 741 2437 facere
754 2406 787 2436 &
809 2407 910 2445 exequi
931 2407 1058 2446 valeant,
1077 2406 1114 2437 Et
1136 2409 1215 2446 quod

147 2456 200 2485 per
214 2444 293 2476 idem
309 2444 434 2475 Nomen
450 2443 567 2475 Prefidis
582 2446 616 2477 ὃ(
631 2444 785 2475 Sociorum
804 2444 933 2484 Collegii
950 2445 986 2475 de
998 2449 1066 2484 Syem
1080 2446 1150 2476 infra
1161 2446 1216 2476 01.-

149 2486 269 2516 vitatem
283 2483 399 2514 Limdon
413 2492 448 2514 ex
463 2483 630 2513 fundatione
645 2483 742 2514 Thome
760 2482 860 2513 White
868 2483 953 2514 Sacre
966 2486 995 2514 T
999 2485 1132 2520 heologie
1141 2485 1215 2515 Pro-

149 2523 261 2554 fefforis
275 2523 410 2560 placitare
425 2522 458 2553 &
476 2522 642 2559 implacitari
656 2522 824 2560 respondere
841 2523 874 2553 Sc
898 2522 1059 2562 responderi
1079 2523 1213 2554 defende·-

150 2572 182 2593 re
198 2562 231 2593 &
245 2561 360 2592 defendi
376 2561 480 2599 poffiiit
496 2560 527 2590 ὃ(
542 2560 670 2599 valeant,
693 2562 722 2591 in
745 2561 961 2599 quibuscunque
985 2561 1081 2593 Curiis
1100 2562 1213 2593 Placitis

148 2603 183 2632 &
199 2601 301 2639 Locis,
319 2611 353 2632 ac
367 2609 466 2631 coram
484 2599 696 2637 quibuscunque
707 2599 857 2639 Judicibus
871 2601 905 2632 &
921 2600 1085 2638 justiciariis
1105 2611 1138 2631 ac
1154 2601 1214 2633 aliis

148 2639 278 2670 Personis
290 2640 323 2670 ὅ(
342 2638 497 2669 officiariis
512 2637 612 2669 nostris
625 2638 776 2670 Heredum
791 2638 1034 2670 &Succefforum
1047 2639 1210 2671 nostrorum

147 2680 180 2709 in
195 2678 332 2709 omnibus
344 2678 433 2709 Sectis
448 2677 579 2715 Qierelis
596 2677 707 2708 Placitis
722 2677 819 2709 Causis
841 2678 973 2708 Materiis
995 2679 1030 2709 &
1050 2679 1212 2710 Demandis

148 2717 287 2748 Realibus
302 2715 500 2748 Personalibus
520 2717 553 2748 &
576 2715 678 2747 Mixtis
699 2716 929 2756 quibuscunque,
951 2726 1008 2748 tam
1030 2717 1211 2755 spiritualibus

148 2763 236 2794 quam
251 2755 464 2795 corporalibus,
484 2754 673 2794 cujuscunque
687 2757 793 2794 generis
816 2756 926 2786 Nature
947 2757 994 2787 vel
1013 2757 1140 2795 Speciei,
1159 2757 1210 2787 eis-

150 2795 222 2825 dem
239 2793 339 2825 Modo
353 2794 386 2825 &
402 2794 524 2832 Forma,
541 2794 574 2824 &
593 2803 676 2832 prout
689 2794 735 2824 alii
753 2795 836 2831 Ligei
855 2793 943 2824 nostri
965 2796 1069 2833 Anglie
1092 2796 1209 2833 persone

151 2832 258 2863 habiles
272 2834 305 2863 &
319 2834 350 2863 in
367 2833 429 2873 lege
448 2843 583 2871 capaces,
601 2832 734 2870 placitare
749 2834 970 2870 &implacitari
992 2835 1158 2872 respondere
1174 2837 1208 2866 ὅ(

149 2870 310 2908 responderi
329 2871 479 2903 defendere
500 2872 534 2902 &
556 2871 694 2908 defendi,
716 2882 751 2902 ac
773 2873 876 2902 habere
898 2875 1057 2911 perquirere
1083 2875 1208 2912 recipere

150 2909 293 2946 poffidere
306 2909 371 2940 dare
386 2909 544 2941 concedere
557 2910 590 2940 &
605 2910 748 2940 dimittere
769 2910 877 2941 valeant
892 2913 926 2942 &
941 2913 1061 2949 possint,-
1083 2911 1206 2951 thuod

171 2946 271 2978 redid‘ti
286 2947 379 2979 Preses
393 2949 425 2980 ὃ(
439 2949 519 2979 Socii
531 2948 658 2984 Collegii
680 2949 799 2985 preditffi
819 2949 852 2979 δε
875 2950 1053 2981 Sueceffores
1074 2951 1133 2989 sui,
1156 2952 1207 2982 lia-

203 2993 235 3016 nt
252 2984 466 3023 Imperpetuurn
481 2986 651 3017 Commune
663 2986 795 3026 Sigillum
818 2997 870 3026 pro
892 2988 991 3019 Cauiis
1010 2991 1044 3020 &
1068 2988 1207 3026 Negotiis

148 3023 204 3055 suis
217 3025 251 3055 ὃ(
266 3023 469 3056 Succefforum
484 3025 600 3056 suorum
615 3025 829 3064 quibuscunque
847 3026 961 3064 agendis
980 3027 1205 3068 deserviturum3

148 3061 188 3093 Et
204 3062 283 3101 quod
295 3063 368 3093 bene
380 3063 464 3095 liceat
478 3064 511 3094 &
528 3064 624 3094 licebit
638 3063 743 3096 eisdem
761 3064 865 3095 Prefidi
883 3066 916 3096 &
932 3065 1024 3096 Sociis
1037 3067 1071 3098 ὅ(
1085 3066 1203 3098 Succes-

149 3101 256 3132 soribus
269 3101 321 3132 suis
335 3101 467 3139 Sigillum
488 3102 557 3132 illud
579 3102 614 3132 ad
633 3101 747 3134 libitum
766 3103 865 3141 suum,
888 3104 924 3134 de
939 3113 1071 3143 tempore
1084 3106 1113 3135 in
1130 3115 1204 3136 tem-

144 3147 216 3209 ξω,
237 3140 365 3209 ξζῗηὲᾳε
380 3149 488 3172 mutare
500 3141 533 3171 &
549 3140 586 3171 de
601 3150 682 3172 novo
697 3141 807 3180 facere,
826 3151 909 3181 prout
923 3145 963 3174 eis
981 3145 1081 3175 melius
1097 3143 1157 3175 fieri
1170 3146 1203 3176 ὃς

157 3188 208 3209 ore
225 3188 254 3209 vi
275 3189 290 3209 e
312 3189 381 3209 itur.

182 3216 223 3248 Et
245 3217 375 3256 ulterius,
401 3226 471 3248 cum
491 3216 562 3247 nihil
579 3217 669 3254 magis
687 3218 887 3256 Expedi-arioni
911 3219 1006 3252 nostre
1021 3221 1049 3251 in
1068 3221 1204 3259 premiffis

146 3254 313 3298 respondere
327 3255 429 3295 possit,
443 3265 527 3293 quam
541 3264 573 3286 ut
586 3255 706 3293 predicti
719 3257 860 3289 Reum-es
875 3259 981 3291 Vicarii
1000 3260 1135 3290 Ledtores
1149 3271 1203 3298 pu-

147 3294 217 3324 blici
231 3295 264 3324 &
283 3293 385 3338 Curati-
394 3296 423 3324 in
439 3294 575 3334 Collegio
589 3294 721 3332 predicto
737 3299 957 3336 convenientes,
973 3298 1002 3327 in
1023 3309 1123 3330 eorum
1145 3301 1203 3330 ibi-

147 3332 215 3375 dem
238 3332 400 3369 frequentiis
419 3334 452 3364 &
471 3335 742 3370 congregationibus
761 3335 851 3366 bonas
867 3336 917 3366 sibi
937 3337 1155 3369 constitutiones
1168 3339 1202 3369 ὅτ

147 3372 365 3409 prescriptiones
386 3370 522 3408 regulares
543 3373 743 3412 imponentes,
767 3382 827 3404 tam
849 3373 973 3406 fraterno
993 3385 1091 3407 amore
1113 3377 1202 3408 indies

145 3411 220 3440 inter
235 3410 262 3440 se
275 3411 402 3440 invicem
413 3409 587 3448 crescerent,
605 3421 691 3450 quam
705 3413 742 3444 ita
774 3413 799 3443 ie
809 3413 882 3452 juste
899 3415 932 3446 ὃ(
948 3415 1039 3446 sobrie
1051 3424 1115 3454 erga
1130 3426 1201 3446 cun-

146 3448 229 3492 §tum
244 3448 382 3492 populum
396 3447 527 3478 nostrum
542 3448 570 3479 se
582 3458 695 3489 gerant,
713 3458 744 3482 ut
777 3453 920 3484 arochiani
935 3453 993 3491 sui,
1010 3454 1123 3484 illorum
1133 3455 1202 3485 cha·⁵

143 3496 254 3518 ritatem
270 3495 406 3518 unitatem
421 3494 593 3530 morumque
608 3490 779 3525 probitatem
794 3492 1031 3531 &integritatem
1046 3493 1199 3533 intuentes,

142 3526 248 3557 sacram
261 3526 337 3556 illam
354 3524 545 3556 Funeuonem
560 3527 647 3568 magis
657 3529 797 3569 revereri,
815 3531 877 3568 ipfis
889 3532 1018 3561 debitum
1040 3532 1199 3570 respectum

144 3565 178 3595 &
200 3565 386 3595 reverentiam
409 3564 551 3607 prebere,
567 3563 682 3607 illorum
704 3570 833 3606 exempla
854 3569 998 3600 studiosius
1020 3570 1140 3609 imitari,
1164 3571 1198 3601 &

143 3602 196 3634 suis
212 3605 351 3641 preceptis
366 3605 399 3635 ὃ(
413 3602 656 3645 admonitionibus
667 3607 799 3637 attentius
822 3607 973 3646 adherere,
999 3608 1152 3639 incitentur
1164 3611 1198 3639 &

143 3642 332 3677 inducantur,
356 3642 385 3672 in
409 3641 498 3672 divini
519 3640 656 3671 Numinis
676 3641 832 3675 Honorem
855 3648 889 3678 ὃ(
914 3647 1065 3686 Gloriam,
1083 3649 1116 3679 ὃ(
1132 3657 1198 3679 vere

141 3679 300 3718 Religionis
322 3682 454 3718 boneque
478 3679 543 3710 Vite
567 3679 727 3716 profectum
749 3683 782 3712 &
795 3685 1008 3722 prosperitatem
1025 3695 1085 3716 non
1103 3686 1198 3716 modi,

141 3728 227 3757 cam,
245 3719 346 3749 Sciatis
360 3719 437 3757 quod
453 3727 524 3757 nos,
539 3718 572 3747 de
590 3718 716 3748 uberiori
729 3718 828 3752 Gratia
850 3723 945 3755 nostra
968 3724 1093 3762 speciali,
1111 3734 1144 3755 ac
1162 3734 1198 3755 ex

141 3764 218 3788 certa
232 3757 358 3788 Scientia
373 3758 405 3788 ὃ(
421 3766 504 3788 mero
521 3755 612 3787 Motu
632 3755 750 3794 nostris,
775 3761 982 3800 concessimus,
1006 3773 1039 3793 ac
1060 3773 1110 3801 per
1131 3764 1198 3794 Pre-

140 3794 231 3826 sentes
245 3805 296 3833 pro
313 3796 396 3826 nobis
408 3795 567 3826 Heredibus
588 3795 622 3825 &
640 3794 856 3828 Succefforibus
871 3800 972 3830 nostris
993 3802 1198 3840 concedimus,

141 3833 253 3870 prefatis
272 3833 378 3864 Presidi
398 3835 432 3865 &
453 3834 545 3864 Sociis
566 3831 693 3870 Collegii
716 3834 882 3870 predicti&
904 3838 1115 3871 Successoribus
1129 3842 1198 3878 suis,

141 3872 219 3910 quod
235 3871 330 3902 Preses
344 3873 377 3903 δε
393 3872 473 3903 Socii
487 3871 609 3911 Collegii
623 3871 743 3910 predicti
757 3882 810 3911 pto
825 3881 953 3912 tempore
967 3877 1131 3918 existentes,
1150 3888 1198 3910 aut

140 3909 232 3947 major
247 3920 309 3947 pars
320 3910 506 3949 eorumdem,
522 3913 571 3949 qui
585 3911 621 3941 de
635 3920 765 3947 tempore
781 3912 810 3940 in
827 3920 937 3950 tempus
953 3915 982 3944 in
992 3915 1198 3956 Collegiopre-

137 3949 221 3979 dicto
236 3948 316 3985 super
330 3948 457 3979 debitam
471 3950 666 3980 monitionem
682 3948 716 3979 ad
730 3949 759 3979 id
773 3949 928 3982 assemblati
944 3953 1046 3985 fuerint
1064 3956 1198 3993 (quorum

134 3986 277 4017 Presidem
293 3987 350 4016 sive
364 3987 573 4024 Vicepresidem
589 3998 680 4018 unum
695 3988 752 4018 esse
768 3990 911 4026 volumus)
934 3991 1055 4023 habeant
1069 3995 1102 4025 ὅ(
1112 3995 1199 4025 habe-

135 4025 209 4059 bunt
231 4024 544 4095 pllffiialmPPsstestatem
568 4028 602 4059 ὃ(
627 4026 835 4059 Αυέὶοήῑειῑειη
849 4028 994 4061 condendi
1009 4032 1198 4065 ‘constituendi

151 4069 226 4096 Tem.
317 4086 325 4093 ·
368 4086 375 4094 .
409 4086 418 4096 0

1300 117 1331 156 P
1371 109 1415 159 ’0
1459 123 1491 163 13
1531 124 1564 164 L
1601 125 1621 165 1
1657 127 1696 168 c
1723 118 1774 171 A.
1800 141 1829 170 a

1279 203 1430 247 ordinandi
1444 208 1566 247 faciendi]
1582 210 1615 241 ὅ(
1630 210 1808 251 stabiliendi,

1278 240 1307 275 ,dl
1324 243 1417 282 Leges
1429 244 1537 278 Statura
1556 249 1589 278 ὃς
1604 248 1808 280 Ordinationes

2267 148 2288 175 2
2298 149 2315 175 2
2326 149 2349 188 5

1822 213 2004 261 detempore
2019 216 2048 246 in
2060 224 2173 255 tempus
2180 217 2342 257 ,hujusmo-

1276 279 1354 326 xbona
1371 282 1488 314 ialubria
1502 286 1576 316 utilia
1593 286 1711 318 honesta
1726 288 1760 318 &
1775 255 2339 330 neggiigrriaffkjliliixild'eecdifffiiieibn‘dssedieslf

1276 328 1434 364 cretiones,
1460 322 1525 352 fore
1539 323 1729 368 videbuntur,
1752 336 1805 362 pro
1820 327 1900 357 bono
1916 332 2056 367 regimine
2072 334 2106 364 &
2129 334 2337 373 gubernatione

1275 356 1431 403 Sociorum
1455 359 1580 399 Collegii
1603 362 1722 405 prediffi
1746 370 1800 400 pro
1824 372 1954 402 tempore
1981 370 2160 402 existentium
2178 372 2209 401 in
2234 371 2337 404 Rebus

1276 395 1421 428 Civilibus
1440 399 1473 430 &
1492 398 1750 430 Conversationem
1770 403 1938 433 eorumdem
1958 406 2110 440 Sociorum
2135 406 2338 441 concernenti..

1273 434 1326 478 bus
1343 437 1378 468 ὃ(
1397 437 1507 467 bonum
1525 438 1647 476 ejusdem
1666 439 1814 481 Societatis
1832 441 2057 483 respicientibus,
2077 458 2109 478 ac
2128 457 2179 487 pro
2197 448 2337 480 Declara—

1271 481 1352 506 tione
1369 485 1429 514 quo
1448 475 1539 519 modo
1558 478 1591 507 &
1611 476 1710 506 ordine
1734 476 1822 507 iidem
1849 478 2010 517 Vicepreses
2034 483 2146 516 Decani
2172 487 2337 519 Affistentes

1271 514 1305 543 &
1324 513 1373 544 reli
1395 515 1425 545 ui
1443 514 1597 545 Sociorum
1619 514 1833 553 predietorum,
1859 527 1892 547 ac
1910 528 2011 549 eorum
2030 522 2172 554 Officiarii
2200 525 2335 557 Servien-

1271 560 1312 594 tes
1330 553 1364 584 &
1423 552 1560 583 inistriin
1578 552 1695 583 Officiis
1712 553 1801 583 Locis
1818 556 1852 584 ὃς
1870 555 2008 594 Negotiis
2025 558 2081 591 suis.
2100 562 2251 594 Societatis
2268 575 2332 602 pre..

1270 591 1347 621 dicte
1366 592 1608 621 concernentibus
1626 591 1681 621 sese
1699 591 1848 622 habebunt
1865 602 1964 630 gerent
1982 596 2015 626 &
2030 606 2142 629 utentur
2202 611 2236 632 ac
2254 604 2332 635 aliter

1269 639 1323 672 pro
1343 631 1465 660 uberiori
1483 630 1564 660 bono
1581 630 1615 660 &
1633 630 1750 668 publica
1769 630 1889 661 utilitate
1908 632 1941 662 &
1961 634 2099 672 regimine
2123 623 2248 679 Collegii
2268 651 2332 679 pre-

1270 667 1340 698 dieti
1357 670 1391 700 &
1412 671 1427 686 θ*
1449 668 1606 699 Sociorum
1624 668 1747 706 ejusdem
1765 677 1817 707 pro
1832 676 1962 708 tempore
1976 672 2153 705 existentium
2164 699 2173 713 ‚
2184 678 2229 708 Ac
2245 681 2330 711 etjam

1270 715 1323 744 pro
1349 707 1458 737 meliori
1483 707 1687 746 preservatione
1706 707 1912 744 gubernatione
1934 708 2115 745 dispositione
2140 714 2280 748 locatione
2298 720 2331 750 &

1269 745 1432 776 (1111ιί111000
1448 745 1601 776 Terrarum
1620 745 1871 777 Tenementorum
1890 745 2106 779 Reventionum
2123 751 2157 781 &
2182 752 2333 787 Heredita-

1274 792 1441 814 mentorum
1465 785 1576 822 prefato
1601 783 1708 814 Presidi
1735 784 1769 814 &
1793 783 1884 814 Sociis
1909 786 1943 815 &
1971 786 2190 819 Succeiloribus
2206 792 2258 822 suis
2284 805 2334 832 per

1271 821 1417 854 Presentes
1433 832 1480 853 aut
1498 823 1575 853 aliter
1593 822 1727 853 datorum
1743 821 1947 861 assignatorum
1973 825 2177 856 concessorum
2196 828 2243 859 seu
2262 841 2334 863 con-

1270 859 1512 899 firmatorum,aut
1531 861 1723 899 imposterum
1740 861 1901 891 dandorum
1921 862 2178 894 concedendorum
2198 867 2255 898 sive
2272 872 2332 901 assi-

1271 900 1505 938 gnandorum,ac
1516 898 1614 931 Res&
1624 899 1727 930 Causas
1736 900 1799 930 alias
1807 899 1984 939 quascunque
1992 900 2157 942 Collegium
2174 905 2333 940 predi&um

1270 948 1304 969 ac
1314 938 1444 977 Statum]
1451 950 1481 970 us
1489 940 1522 971 ὅ(
1531 937 1665 970 lutereste
1673 938 1797 976 ejusdem
1805 938 1931 976 Collegii
1939 948 1985 970 aut
1995 939 2148 970 Sociorum
2157 942 2279 979 ejusdem
2289 947 2333 977 vel

1270 977 1423 1008 Sociorum
1432 979 1547 1008 suorum
1556 986 1704 1015 tangentes
1711 977 1756 1007 seu
1784 986 1883 1015 uoquo
1893 978 1982 1008 modo
1990 988 2208 1018 concernentes,
2216 981 2250 1012 Et
2261 984 2338 1020 quod

1270 1015 1321 1054 ipsi
1339 1015 1460 1053 prediffi
1475 1016 1569 1046 Preses
1585 1016 1706 1048 &Socii
1720 986 2222 1059 Col-legiipredidti,&Succeffores
2239 1020 2338 1059 sui‚vel

1271 1055 1362 1091 major
1380 1065 1441 1094 pars
1459 1056 1633 1094 eorum2qui
1650 1054 1741 1092 sic,ut
1759 1054 2080 1092 prefertur,assemblati
2098 1055 2204 1087 fuerint
2214 1058 2337 1095 (Preside

1271 1094 1318 1122 vel
1336 1092 1519 1130 Vicepreside
1537 1103 1596 1123 uno
1615 1102 1717 1123 eorum
1736 1091 1929 1130 existentibus)
1951 1097 2175 1133 quotiescunque
2191 1097 2338 1134 hujusmo-

1271 1131 1300 1160 di
1316 1130 1405 1170 Leges
1424 1131 1531 1162 Statuta
1550 1132 1583 1162 &
1609 1132 1814 1163 Ordinationes
1838 1131 2021 1163 condiderint
2039 1132 2161 1165 fecerint
2185 1136 2338 1168 ordinave-

1271 1170 1326 1200 rint
1345 1170 1388 1200 vel
1407 1170 1591 1212 stabiliverint
1609 1171 1636 1199 in
1656 1169 1751 1201 forma
1777 1169 1903 1209 predic‘ta
1922 1193 1931 1208 ,
1966 1171 2131 1209 hujusmodi
2159 1175 2337 1206 rationabiles

1272 1207 1363 1239 Penas
1381 1208 1545 1239 Penalitates
1563 1208 1596 1239 &
1615 1208 1782 1238 Punitiones
1806 1218 1857 1246 per
1880 1209 1961 1240 Fines
1981 1210 2014 1240 ὃ(
2034 1210 2270 1243 Amerciamenta
2292 1213 2339 1245 vel

1271 1246 1336 1277 alias
1352 1244 1492 1278 Censuras
1505 1247 1658 1286 legittimas
1672 1256 1739 1283 erga
1753 1247 1786 1278 ὅ(
1801 1248 1881 1284 super
1904 1258 2005 1279 omnes
2033 1248 2240 1288 Delinquentes
2264 1261 2337 1282 con—

1272 1293 1314 1316 tra
1332 1285 1492 1324 hujusmodi
1505 1285 1595 1324 Leges
1614 1285 1723 1316 statuta
1743 1285 1777 1316 80
1801 1285 2003 1317 Ordinationes
2022 1287 2080 1318 five
2101 1298 2203 1320 eorum
2222 1289 2338 1329 aliquod

1275 1327 1322 1354 vel
1343 1324 1453 1362 aliqua,
1475 1325 1623 1361 imponere
1646 1324 1680 1354 &
1699 1323 1814 1355 affidere
1837 1324 1958 1363 possint,
1983 1326 2078 1363 qualia
2102 1330 2135 1359 &
2158 1338 2213 1365 que
2231 1329 2338 1360 eudem

1274 1362 1379 1393 Presidi
1394 1363 1427 1394 &
1443 1363 1537 1393 Sociis
1551 1371 1604 1400 pro
1620 1370 1750 1400 tempore
1764 1361 1969 1401 existentibus,
1988 1365 2032 1395 vel
2044 1366 2146 1403 majori
2160 1367 2338 1404 pattieorum

1272 1401 1328 1439 fic,
1342 1410 1375 1432 ut
1390 1404 1544 1440 prefertur,
1561 1401 1730 1433 assemblatis
1751 1402 1888 1439 (quorum
1903 1402 2014 1433 distum
2034 1404 2178 1435 Prefidem
2194 1406 2239 1436 vel
2249 1406 2338 1437 Vice·

1272 1440 1410 1477 presidem
1425 1450 1514 1471 unum
1529 1440 1587 1470 effe
1602 1439 1749 1477 volumus)
1770 1441 1947 1472 rationabilia
1962 1442 1994 1472 ὃς
2019 1443 2149 1482 requisita
2170 1444 2234 1475 fore
2255 1445 2336 1476 vide-

1271 1480 1403 1518 buntur,
1428 1479 1476 1510 Ac
1498 1479 1584 1510 etiam
1606 1478 1689 1509 Fines
1707 1480 1741 1511 &
1763 1479 1994 1511 Amerciamenta
2016 1480 2062 1512 illa
2076 1481 2169 1513 levare
2183 1483 2217 1513 &
2232 1482 2339 1514 habere

1271 1517 1378 1557 poffint
1392 1519 1426 1550 &
1443 1517 1572 1556 valeant,
1588 1517 1693 1555 absque
1708 1517 1921 1557 impedimento
1929 1519 2028 1549 nostro
2042 1519 2192 1551 Heredum
2211 1522 2256 1552 vel
2264 1521 2338 1553 Suc-

1271 1556 1415 1588 cessorum
1423 1556 1591 1587 nostrorum
1599 1579 1609 1594 ,
1615 1556 1649 1586 ad
1657 1555 1753 1587 Usum
1767 1565 1923 1596 pauperum
1933 1557 1990 1588 sive
1999 1557 2034 1588 ad
2041 1559 2074 1589 &
2080 1559 2175 1590 versus
2187 1560 2335 1597 supporta-

1271 1597 1384 1626 tionem
1400 1596 1584 1633 publicorum
1598 1604 1721 1626 onerum
1735 1596 1768 1626 ὃ(
1783 1595 1968 1632 expensarum
1983 1595 2108 1634 Collegii
2129 1600 2163 1629 ὅ(
2179 1598 2335 1630 Sociorum

1272 1634 1484 1672 predictorum,
1510 1642 1596 1672 prout
1617 1634 1722 1664 eisdem
1741 1633 1846 1664 Presidi
1866 1634 1912 1664 vel
1933 1634 2106 1674 Vicepresidi
2121 1638 2154 1668 ὃ(
2169 1637 2264 1668 Sociis
2280 1639 2338 1675 sic,

1272 1681 1303 1703 ut
1326 1673 1482 1710 prefertur,
1508 1672 1678 1703 aflemblatis
1701 1671 1801 1702 melius
1824 1672 1886 1702 fore
1908 1673 2070 1712 videbiturg,
2099 1675 2167 1713 Que
2188 1677 2336 1707 omnia&

1271 1711 1380 1748 singula
1398 1712 1487 1750 Leges
1506 1711 1614 1741 Statura
1627 1711 1660 1740 &
1677 1710 1881 1753 Ordinationes
1896 1711 1950 1749 sic,
1970 1722 2000 1742 ut
2015 1713 2170 1752 prefertur,
2195 1714 2286 1745 fienda
2301 1717 2335 1746 &a

1271 1750 1486 1788 constituenda,
1503 1749 1642 1779 observari
1661 1748 1792 1778 volumus
1804 1751 1855 1779 iub
1870 1749 1954 1780 Penis
1971 1752 1999 1780 in
2021 1751 2126 1782 eisdem
2142 1754 2336 1792 continendis,

1270 1790 1309 1819 ita
1323 1797 1420 1819 tamen
1435 1788 1513 1826 quod
1530 1787 1621 1826 Leges
1635 1786 1745 1829 Statuta
1759 1788 1792 1818 St.
1809 1788 2010 1820 Ordinationes
2027 1791 2109 1822 Fines
2117 1791 2338 1822 Amerciamem

1268 1835 1298 1858 ta
1311 1828 1344 1857 &
1361 1827 1489 1858 Censure
1503 1826 1670 1864 hujusmodi
1683 1826 1735 1856 sint
1748 1827 1942 1868 rationabilia,
1961 1830 1994 1859 ὃ(
2018 1838 2078 1858 non
2101 1830 2153 1860 fint
2176 1840 2336 1869 repugnan-

1268 1866 1308 1896 tia
1324 1876 1379 1897 nec
1396 1867 1537 1897 contraria
1553 1865 1678 1904 Legibus
1693 1864 1808 1895 Statutis
1821 1867 1876 1895 live
1887 1865 1998 1902 juribus
2018 1867 2100 1904 hujus
2121 1868 2221 1905 Regni
2246 1870 2337 1900 nostri

1270 1905 1392 1973 Angiie⁵
1411 1905 1458 1937 vel
1473 1903 1738 1936 constitutionibus
1751 1902 1956 1934 Ecclesiasticis
1972 1905 2017 1935 vel
2035 1906 2192 1938 Canonicis
2206 1906 2334 1939 Eccleiie

1269 1945 1317 1974 An
1350 1945 1441 1975 icane.

1304 1952 1344 2014 ligr
1359 1993 1414 2021 pro
1429 1981 1540 2013 meliori
1555 1980 1735 2012 Executioiie
1749 1979 1878 2018 predic-ie
1892 1979 1984 2019 Regie
1999 1981 2151 2013 voluntatis
2169 1983 2202 2014 &
2217 1984 2336 2015 conces-

1267 2019 1351 2052 fiorn's
1366 2021 1482 2059 nostre,
1497 2020 1700 2057 assignavimus
1715 2019 1917 2059 constituimus
1931 2022 1963 2050 ὅε
1986 2020 2126 2060 fecimus,
2143 2031 2175 2052 ac
2196 2033 2245 2061 per
2268 2023 2338 2054 Prea

1266 2059 1358 2091 sentes
1373 2070 1426 2098 pro
1440 2060 1523 2090 nobis
1538 2058 1703 2090 Heredibus
1715 2059 1749 2089 ὅ(
1764 2058 1979 2088 Successoribus
1993 2059 2094 2089 nostris
2101 2061 2270 2097 affigo-amus
2280 2072 2336 2092 no-

1268 2101 1411 2130 minamus
1424 2099 1630 2130 constituimus
1645 2098 1679 2128 &
1695 2097 1816 2128 facimus
1829 2098 2019 2127 reverendum
2037 2099 2066 2128 in
2082 2099 2201 2129 Christo
2216 2100 2332 2130 Patrem

1287 2138 1456 2168 rediledltum
1471 2139 1505 2169 &
1519 2136 1634 2168 fidelem
1648 2135 1778 2167 nostrum
1790 2137 1932 2172 Georgium
1947 2139 2120 2176 Mountayne
2135 2138 2333 2170 81101οΤ1100-

1276 2179 1345 2214 ogie
1361 2177 1555 2208 professorem
1565 2199 1574 2214 ,
1592 2175 1685 2205 modo
1701 2173 1878 2213 Episcopum
1893 2175 2010 2204 London
2036 2175 2233 2215 digniffimum
2243 2200 2253 2214 ,
2267 2178 2331 2209 fore

1264 2216 1300 2247 &
1314 2217 1370 2246 eise
1389 2217 1515 2256 primum
1529 2216 1562 2245 ὃς
1576 2214 1751 2244 modernum
1768 2213 1902 2252 Prefidem
1928 2212 2052 2252 Collegii
2070 2217 2210 2254 predicti,
2234 2219 2335 2247 conti-

1264 2255 1411 2285 nuandum
1427 2256 1456 2285 in
1472 2253 1576 2284 eodem
1598 2252 1710 2282 Officio
1732 2251 1849 2282 Prefidis
1872 2251 1995 2290 Collegii
2010 2253 2097 2291 illius,
2113 2265 2128 2284 a
2143 2255 2331 2286 confectione

1265 2293 1435 2332 presentium
1451 2292 1586 2330 quamdiu
1599 2291 1740 2328 predictus
1754 2290 1924 2321 reverendus
1945 2291 1975 2320 in
1991 2290 2110 2322 Christo
2135 2292 2220 2324 Pater
2234 2294 2265 2323 in
2282 2294 2335 2325 Se-

1264 2332 1301 2362 de
1316 2332 1361 2362 illa
1376 2331 1536 2371 Episcopali
1552 2331 1668 2359 London
1691 2330 1918 2367 continuaverit3
1944 2328 2146 2367 assignavimus
2166 2333 2252 2362 etiam
2275 2342 2333 2362 no-

1264 2371 1438 2401 minavimus
1459 2369 1660 2400 constituimus
1679 2369 1712 2398 ὃ(
1740 2368 1878 2406 fecimus,
1895 2377 1930 2398 ac
1951 2377 1999 2405 per
2013 2368 2156 2401 Presentes
2170 2380 2223 2409 pro
2247 2372 2333 2402 nobis

1263 2408 1429 2441 Heredrbus
1442 2410 1475 2440 &
1491 2408 1707 2439 Successoribus
1719 2406 1820 2436 nostris
1834 2407 2002 2445 assignamus
2017 2410 2201 2439 nominamus
2222 2410 2331 2440 consti-

1263 2450 1369 2479 ruimus
1384 2450 1418 2479 &
1433 2449 1557 2479 facimus
1578 2447 1714 2477 dilectum
1733 2446 1816 2475 nobis
1831 2446 1987 2484 Johannem
2010 2450 2113 2476 Dunne
2132 2448 2234 2481 >divine
2252 2449 2329 2480 sacre

1261 2486 1432 2524 Theologie
1445 2486 1636 2516 Profeiiorem
1652 2484 1779 2515 Ecclesie
1796 2484 1974 2515 Cathedralis
1989 2485 2085 2517 Sandli
2108 2485 2189 2516 Pauli
2209 2488 2328 2518 London

1261 2524 1476 2564 Decanum,ac
1491 2525 1582 2555 modo
1598 2523 1746 2554 vicarium
1758 2522 1885 2554 Ecclesie
1901 2524 2075 2555 Paroehialis
2086 2525 2186 2555 Sanciti
2198 2526 2326 2566 Dunlla-

1260 2567 1290 2594 ni
1304 2566 1332 2594 in
1349 2565 1515 2594 Occidente
1528 2563 1665 2601 predicti,
1682 2562 1745 2592 fore
1761 2563 1794 2592 &
1808 2561 1864 2592 esse
1877 2563 2006 2603 primum
2025 2564 2059 2593 ὃ(
2083 2564 2258 2595 modernum
2275 2566 2327 2596 Viss

1259 2603 1432 2642 cepresidem
1448 2602 1576 2639 Collegii
1590 2601 1726 2639 predic'ti,
1741 2601 1968 2632 continuandum
1983 2603 2014 2632 in
2028 2602 2144 2633 Officio
2165 2602 2326 2641 Vicepiesz-

1257 2642 1301 2672 dis
1315 2641 1441 2680 Collegii
1455 2642 1525 2672 illius
1540 2651 1554 2671 a
1568 2640 1752 2671 confecffione
1766 2640 1941 2671 Presentium
1956 2640 2041 2679 usque
2053 2642 2087 2671 ad
2100 2643 2218 2672 tertium
2231 2644 2324 2674 Diem

1261 2680 1378 2719 Martis,
1395 2681 1518 2718 scilicet,
1538 2680 1584 2709 the
1598 2679 1689 2709 thirde
1711 2678 1845 2718 Tuesday,
1870 2679 1936 2717 post
1958 2680 2075 2710 Festum
2097 2680 2204 2711 Pasche
2225 2685 2323 2719 proxi-

1258 2730 1339 2750 mum
1352 2720 1479 2750 futurum
1495 2719 1687 2758 contingentis
1698 2741 1708 2755 ,
1727 2719 1760 2748 &
1773 2718 1877 2748 abinde
1891 2718 2036 2758 quousque
2051 2729 2123 2750 unus
2133 2720 2202 2750 :ilius
2215 2721 2252 2750 de
2267 2721 2323 2751 So-

1258 2760 1309 2789 ciis
1324 2758 1409 2789 Colle
1430 2759 1448 2788 ii
1463 2758 1583 2796 predicti
1598 2757 1632 2787 ad
1650 2756 1795 2791 Officium
1809 2757 1878 2788 illud
1893 2757 1999 2787 elesius
2020 2757 2052 2788 ὃ(
2067 2758 2206 2796 prefedtus
2222 2759 2322 2798 fueritj

1254 2800 1333 2836 juxta
1352 2798 1397 2827 Or
1421 2799 1580 2827 inationem
1595 2797 1628 2827 &
1644 2794 1891 2827 Constitutionem
1907 2797 1937 2826 in
1954 2796 2124 2833 presentibus
2135 2798 2272 2834 express'ts
2286 2800 2321 2829 ὅς

1256 2837 1422 2874 declaratas,
1439 2836 1458 2866 si
1473 2836 1550 2867 idem
1565 2834 1710 2874 Johannes
1729 2836 1832 2865 Dunne
1847 2836 1954 2877 tamdiu
1974 2835 2090 2872 vixerit,
2107 2835 2319 2873 Affigiiavimus

1256 2878 1342 2907 eiiam
1362 2876 1578 2905 nominavimus
1593 2872 1793 2903 constituimus
1805 2874 1837 2904 &
1850 2874 2029 2910 fecimus,ac
2046 2883 2096 2910 per
2112 2874 2256 2906 Presentes
2262 2885 2318 2914 pro

1255 2916 1339 2945 nobis
1353 2914 1516 2944 l-leredibus
1530 2913 1563 2943 &
1579 2910 1790 2942 Succefforibus
1806 2912 1923 2949 nostris,
1945 2911 2116 2948 assignamus
2137 2914 2319 2945 nominamus

1255 2953 1455 2984 constituimus
1474 2953 1507 2983 &
1528 2952 1647 2982 facimus
1674 2949 1794 2979 dilectos
1817 2951 1899 2980 nobis
1916 2950 2085 2988 Franz-iscam
2105 2950 2204 2980 White
2231 2954 2316 2984 Sacre

1254 2992 1421 3029 Theologie
1437 2990 1631 3021 Profefforem
1645 2987 1770 3019 Ecclesie
1786 2987 1961 3029 Cathedralis
1969 2988 2150 3020 Carlioleniis
2159 2990 2317 3022 Decanum

1254 3033 1288 3062 &
1303 3031 1459 3061 Rectorem
1481 3028 1608 3059 Ecclesie
1630 3026 1800 3057 Parochialis
1819 3028 1918 3057 Sancti
1940 3029 2019 3057 Petri
2041 3027 2169 3058 Cornhill
2181 3031 2314 3069 Lamon,

1253 3070 1286 3100 &
1300 3069 1448 3099 Samuelem
1466 3069 1572 3097 Brooke
1589 3066 1674 3096 Sacre
1693 3065 1859 3103 Theologie
1882 3065 2076 3096 Profefforem
2096 3068 2129 3097 &
2153 3066 2313 3098 Reetorem

1252 3108 1380 3139 Eccleiie
1394 3107 1567 3137 Parochialis
1579 3104 1683 3135 Sandie
1697 3107 1861 3141 Margarete
1887 3106 1917 3135 in
1934 3104 2077 3141 Lothbury
2091 3106 2222 3143 Londzm,
2249 3107 2311 3137 fore

1252 3149 1285 3179 ὃ(
1312 3146 1368 3177 esse
1391 3147 1516 3185 primum
1539 3145 1571 3175 &
1594 3143 1770 3174 modernum
1791 3144 1946 3174 Decanum
1970 3143 2096 3182 Collegii
2117 3144 2252 3183 predicti,
2276 3155 2311 3175 ac

1251 3185 1381 3215 Thomam
1393 3179 1505 3214 Worall
1519 3183 1604 3214 Sacre
1619 3182 1786 3221 Tlieologie
1799 3182 2010 3221 professorem,
2034 3182 2193 3220 Joharmem
2207 3182 2311 3221 Siman

1251 3224 1412 3256 Restm-em
1426 3223 1553 3254 Ecclesie
1571 3221 1740 3251 Parocliialis
1755 3222 1854 3251 Sandti
1884 3220 1973 3251 Olavi'
1990 3232 2019 3251 in
2042 3220 2214 3259 Hartfirecte
2236 3224 2315 3252 Lon.

1250 3264 1318 3300 don,
1338 3262 1507 3293 Edvardum
1530 3260 1640 3290 Abbott
1662 3259 1809 3290 Vicarium
1836 3259 1964 3290 Eccleiie
1985 3261 2118 3299 omnium
2132 3258 2308 3291 Sanctorum

1249 3303 1358 3332 Barkm
1375 3302 1507 3338 London,
1525 3301 1557 3331 ἃ
1574 3299 1703 3328 Tlaomam
1722 3298 1804 3328 Wood
1819 3298 1975 3329 Rediorem
1996 3298 2089 3328 Sancti
2117 3297 2265 3337 Michaelis
2283 3302 2313 3330 in

1249 3341 1370 3370 crooked
1386 3343 1467 3370 Lane
1486 3338 1619 3375 London,
1636 3338 1693 3367 efle
1711 3338 1819 3375 primos
1836 3339 1869 3368 ὃ(
1888 3338 2040 3378 modernos
2059 3334 2224 3378 Affistentes
2238 3338 2310 3376 ejus-

1249 3380 1316 3410 dem
1334 3379 1481 3417 Collegii,
1506 3377 1659 3415 respetstivc
1677 3377 1884 3406 continuandos
1902 3374 2064 3417 iiilOflic-io
2087 3374 2139 3404 1110
2170 3374 2310 3407 Decano·

1248 3429 1311 3448 rum
1326 3419 1360 3449 &
1375 3416 1571 3448 Assistentium
1589 3426 1604 3445 a
1622 3415 1809 3445 confectione
1828 3415 2087 3453 presentiumulqne
2104 3413 2138 3443 ad
2146 3415 2306 3451 predicitum

1248 3458 1362 3488 tertium
1382 3457 1472 3486 Diem
1493 3455 1595 3485 Martis
1613 3454 1778 3494 proximum
1798 3453 1861 3490 post
1880 3451 1991 3494 fest—um
2011 3450 2118 3495 Pascite
2136 3455 2303 3495 proximum

1248 3496 1396 3534 futurum,
1414 3496 1447 3525 &
1465 3494 1570 3524 abinde
1589 3492 1734 3530 quousque
1750 3493 1795 3522 :ilii
1814 3492 1850 3521 de
1865 3490 1955 3533 Sociis
1981 3488 2104 3532 Collegii
2116 3491 2247 3533 ‘predicli
2267 3493 2302 3523 ad

1248 3534 1394 3564 Officium
1413 3533 1478 3563 illud
1498 3532 1653 3570 respective
1672 3532 1756 3561 eleCii
1773 3532 1806 3561 ὃ(
1824 3528 1940 3571 prefedh
1965 3525 2088 3569 fuerint«,
2109 3537 2187 3566 Juxta
2214 3528 2304 3560 Ordi⁶

1245 3574 1393 3604 nationem
1410 3573 1444 3604 &
1463 3570 1712 3601 Constitutionem
1732 3571 1760 3598 in
1780 3567 1950 3605 presentibus
1967 3566 2100 3603 expreslas
2119 3570 2151 3597 ὅ(
2178 3567 2304 3600 declara-

2363 221 2439 253 Ann.
2448 224 2492 256 D„

2373 263 2469 301 ‚1625,

2357 302 2409 328 An.
2432 311 2456 330 i.

2356 342 2420 366 Car.
2431 348 2455 370 1,

2354 685 2492 716 *xvnn

2392 731 2454 760 32÷=

1246 3620 1304 3649 ta5‚
1324 3612 1343 3642 si
1363 3613 1381 3630 '¹‘
1401 3611 1490 3641 iidem
1509 3609 1665 3648 Francifius
1685 3607 1803 3643 While,
1820 3602 1930 3633 Samuel
1944 3604 2065 3642 Brooke,
2091 3606 2207 3635 Thomas
2235 3610 2298 3637 Wo-
2323 3602 2463 3643 *ἯῊΠς

1244 3650 1319 3688 rall,
1336 3648 1483 3689 Johannes
1501 3650 1621 3686 Stmson,
1639 3645 1799 3675 Edwardus
1817 3643 1928 3672 Abhott
1945 3644 1979 3674 &
1996 3643 2111 3673 Thomas
2130 3645 2218 3674 Wbod
2238 3655 2297 3677 tam

1245 3689 1294 3719 diu
1311 3689 1450 3726 vixerint,
1468 3687 1603 3717 volumus
1621 3687 1722 3721 etiam,
1739 3693 1772 3713 ac
1790 3691 1843 3725 per'
1857 3681 2013 3718 PresenteS,
2033 3691 2085 3718 pro
2105 3683 2190 3713 nobis
2208 3684 2303 3716 Hei-e·

1243 3729 1326 3758 dibus
1345 3728 1378 3757 ὃ(
1396 3724 1612 3757 Succefforibus
1629 3723 1746 3760 nostris²
1764 3720 1915 3750 statuimus
1928 3722 1962 3750 &
1979 3721 2245 3763 oijdinamus,quod
2256 3735 2302 3755 ce-

1246 3768 1299 3798 teri
1319 3775 1420 3796 omnes
1434 3787 1443 3802 ,
1478 3765 1528 3801 qui
1555 3763 1644 3793 modo
1662 3764 1723 3791 lunt
1749 3758 1889 3789 Redlorcs
1908 3759 2015 3790 Vicarii
2043 3758 2178 3791 Lectores
2196 3764 2304 3798 publici

1248 3807 1281 3837 ὃ(
1303 3803 1403 3835 Curati
1423 3804 1451 3833 in
1467 3802 1578 3832 Ordine
1594 3801 1790 3831 Presbiteratus
1809 3797 1973 3834 constituti,
1999 3806 2033 3826 ac
2059 3798 2206 3830 residentes
2234 3802 2306 3833 infra

1248 3844 1408 3874 Civitatem
1427 3840 1542 3871 London
1558 3839 1603 3869 vel
1623 3837 1762 3867 Suburbia
1781 3836 1922 3873 ejusdem,
1937 3844 2062 3874 quorum
2081 3836 2306 3870 Parochianivcl

1248 3891 1351 3913 eorum
1371 3879 1457 3917 aliqui
1475 3879 1547 3908 infra
1566 3877 1724 3906 Libertates
1742 3874 1868 3911 ejusdem
1886 3873 2018 3904 Civitatis
2037 3875 2142 3912 fint,ut
2160 3878 2308 3917 prefertur,

1248 3927 1447 3954 comorantes,
1467 3924 1549 3947 erunt
1567 3915 1644 3944 Socii
1663 3914 1793 3944 moderni
1813 3912 1936 3951 Collegii
1956 3914 2075 3950 prediclti
2086 3916 2249 3946 durantibus
2259 3928 2310 3948 eo-

1250 3968 1313 3989 rum
1332 3956 1408 3987 Vitis
1427 3954 1596 3986 naturalibus
1612 3952 1783 3989 respetfilive,
1803 3952 1821 3981 11
1840 3960 1897 3981 tam
1917 3951 1966 3982 diu
1984 3953 2055 3982 infra
2073 3953 2181 3984 diclatn
2200 3954 2312 3987 Civica«

1250 4006 1309 4027 tem
1328 3994 1447 4025 London
1465 3993 1509 4023 vel
1528 3992 1653 4029 predicta
1672 3991 1814 4021 Suburbia
1831 3989 1972 4029 ejusdem,
1990 4000 2071 4021 erunt
2091 3992 2311 4031 residentes-‚nili

1251 4035 1370 4066 interim
1390 4042 1444 4070 pro
1462 4032 1558 4069 aliquo
1577 4030 1623 4062 vel
1641 4029 1781 4099 aliquilip}
1795 4029 1904 4062 deusto
1921 4030 1968 4062 vel
1983 4030 2108 4070 dehetis,
2130 4031 2253 4063 defaulio
2267 4033 2313 4100 gel

2287 4080 2313 4097 e«

2361 3653 2426 3680 325·
