2536 4255
743 134 854 178 ET
938 132 1209 177 ACTA

24 229 103 264 Anu.
114 227 156 260 D.
174 226 304 258 rochialis
319 225 355 257 de
372 225 507 264 Hadleigh
523 225 551 255 in
571 222 660 255 Com‘
674 220 790 260 Suffblk‚
809 219 950 263 Decanat'
971 220 1007 252 de
1025 221 1143 257 Bocking
1166 216 1226 262 Eq-

45 268 133 306 1625.
175 266 255 296 clefie
272 264 446 296 Cathedralis
465 267 499 296 &
517 261 732 299 Metropolitice
752 257 862 289 Christi
887 259 1088 300 Cantuarienfis
1108 256 1228 296 Jurisdi-

22 311 75 337 An.
95 316 118 335 i.
172 304 275 335 &ionis
291 304 451 334 immediate
461 324 470 340 ,
489 301 656 332 Recioriam
669 296 795 328 Ecclesie
810 295 996 335 parochialis,
1010 298 1046 328 de
1059 295 1146 326 Black
1153 296 1229 323 Not-

24 349 87 374 Cur.
104 355 129 373 i.
171 342 231 380 ley,
252 341 367 373 Dioces’
384 341 519 376 London,
538 342 606 376 (que
621 346 680 366 non
695 335 777 378 distet
789 345 805 364 a
820 335 907 377 priori
924 336 994 366 ultra
1009 336 1108 375 viginti
1122 333 1228 376 Millie-

169 381 222 416 ria)
242 390 364 417 recipere
386 379 487 416 poliit,
505 386 533 406 et
557 375 649 414 quoad
673 374 774 403 vixerit
798 381 924 404 retinere.
968 373 1035 403 Dat’
1059 374 1149 410 prima
1167 371 1226 401 Die

170 418 280 449 Mensis
293 417 417 456 Aprilis,
437 416 522 445 Anno
543 413 668 443 Domini
692 410 842 441 millesimo
863 411 1064 442 sexcentesimo
1088 411 1223 442 vicesimo

168 459 288 497 quinto,
307 459 340 487 ὃς
354 452 555 485 ’transsationis
571 459 601 480 ut
616 451 703 488 supra.

212 494 413 525 Confirmatio.
446 489 536 521 Teste
559 489 641 528 Rege
655 488 729 526 apud
751 486 1028 527 Wllmonasterium,
1049 488 1150 526 quinto
1168 486 1225 517 Die

174 533 295 574 Aprilis.

210 606 376 638 Willielmus
391 608 506 645 Drury,
521 603 664 641 Clericus,
683 602 712 633 S.
723 603 762 633 T.
777 601 807 633 Β.
822 609 854 632 ut
869 611 923 634 una
937 611 1005 633 cum
1021 601 1156 632 Renoria
1169 600 1228 630 Ec-

169 647 252 678 clefie
268 645 435 676 Parochialis
449 644 485 673 de
503 642 647 682 Layborne
663 641 781 672 Dioces'
794 640 899 678 Roffbn’
917 645 1014 678 (quam
1027 642 1086 678 jam
1101 639 1224 675 obtinet)

170 684 341 715 Rectoriam
362 682 488 713 Ecclesie
508 681 676 712 parochialis
702 679 739 710 de
761 679 897 718 Mestham
912 681 941 709 in
961 678 1111 709 comitatu
1131 682 1227 716 Surrey

168 722 313 754 Decanat’
327 722 362 751 de
375 721 511 760 Croydon,
531 719 658 750 Ecclesie
683 717 855 749 Cathedralis
872 719 905 748 &
924 716 1104 753 Metropolit'
1120 715 1228 746 Christi

168 759 375 799 Cantuarienfis
393 758 600 798 jurisdictionis
622 758 786 788 immediate
801 756 904 791 (modo
925 766 985 786 non
1003 755 1086 786 distet
1106 765 1122 784 a
1142 755 1228 792 priori

169 800 239 830 ultra
256 799 355 837 viginti
369 799 493 836 quinque
504 795 645 832 Milliaria)
666 796 788 833 recipere
801 793 904 832 poffit,
922 794 1057 832 &quoad
1073 794 1171 823 vixerit
1185 803 1228 823 re-

169 838 267 869 tinere.
306 836 375 867 Dat'
391 835 528 866 vicesimo
541 842 641 872 quarto
658 832 717 864 Die
737 832 843 864 Mensis
858 836 977 870 Martii,
999 833 1086 862 Anno
1103 831 1229 862 Domini

170 875 323 906 millesimo
339 873 540 906 sexcentesimo
559 871 698 903 vicesimo
719 881 839 910 quarto,
858 872 891 902 ὃ(
907 870 1109 902 Transsationis
1134 879 1165 901 ut
1187 871 1231 901 su—

191 925 228 944 ra.

169 924 190 994 ‚P
207 952 410 1020 Colnfirmatio.
447 947 537 980 Teste
553 948 636 988 Rege
657 947 730 987 apud
757 947 1034 987 Wellmonasterium,
1052 948 1152 987 quinto
1171 946 1232 977 Die

171 993 247 1029 Apri
258 994 290 1020 is.

204 1066 351 1098 cunannel
361 1063 496 1095 Barnard
506 1063 651 1102 Clericus,
669 1064 706 1095 A.
721 1063 752 1094 Β.
768 1073 883 1094 necnon
901 1061 1076 1105 Capelianus
1094 1061 1233 1105 prenobi-

167 1102 201 1137 lis
210 1105 347 1174 Francig'e
355 1104 505 1149 Comitisse
514 1103 613 1149 Dotst’
626 1104 767 1147 qurwic',
790 1110 821 1132 ut
831 1110 885 1150 ung
903 1099 1235 1148 cum3V1c3r1a·perpetua

170 1144 298 1176 Ecclesie
329 1143 473 1174 arochialis
480 1144 514 1173 de
524 1141 622 1177 Hutshe
636 1139 875 1184 Dioces'Bafhon
893 1140 924 1170 δε
935 1137 1037 1168 Wllrn
1063 1138 1162 1183 (quaom
1170 1148 1232 1175 jam

173 1184 299 1218 obtinet)
322 1182 492 1213 Recloriam
509 1180 636 1212 Ecclesie
650 1179 823 1210 Parochialis
843 1177 879 1221 de
893 1179 990 1214 Pitney
1010 1179 1092 1206 Lorte
1110 1177 1232 1221 ejusciem

173 1220 294 1253 Dioces'
313 1222 406 1252 modo
430 1230 490 1250 non
510 1219 594 1249 distet
608 1229 625 1249 a
646 1218 758 1249 Vicaria
782 1215 910 1254 praedi&
931 1215 1010 1258 ultra¹
1026 1213 1084 1244 duo
1105 1212 1231 1253 Milliar’)

172 1259 476 1331 {iiipffini‘s'sllizrffi
491 1257 597 1325 ‘'li‘ssiasso
609 1252 1121 1324 ss‘ffssffniessiiziin3sssicgffissiffiss
1135 1255 1234 1329 3523?

481 1318 490 1333 ²
564 1333 568 1338 ι
614 1333 619 1337 ι
1222 1310 1235 1315 -

173 1336 418 1406 mcbgtrilzgrtgatgt
432 1333 637 1408 TTaeriislzanR‘englg
650 1332 1019 1408 {lssffipffistmonasterium'
1035 1368 1160 1400 secundo
1175 1368 1235 1400 Die

169 1414 288 1455 'Aprilin

208 1492 332 1520 Brianus
347 1483 482 1524 Whitaffi
497 1483 645 1523 Clericus,
666 1484 700 1515 A.
715 1485 763 1515 Μ.
783 1495 899 1517 necnon
922 1484 1111 1523 Cappellanus
1129 1494 1233 1522 preno-

171 1528 236 1560 bilis
251 1526 314 1558 Viri
325 1524 419 1555 Caroli
434 1525 557 1555 Domini
570 1525 703 1554 Howard
714 1525 834 1554 Baronis
850 1525 884 1554 de
900 1523 1062 1562 Effingham
1077 1524 1110 1554 &
1125 1524 1233 1554 Comi-

172 1567 209 1598 tis
221 1564 407 1602 Nottingham
417 1584 428 1601 ,
442 1571 473 1594 ut
488 1572 542 1593 una
557 1572 628 1593 cum
643 1562 781 1593 Reemria
795 1563 921 1607 Ecclesie
936 1562 1106 1593 Parochialis
1121 1562 1234 1602 Trimley

170 1606 265 1635 Sanffl
284 1605 408 1634 Mamm·
421 1601 538 1632 Dioces’
551 1602 711 1631 Norwicen'
730 1602 829 1639 (quam
841 1603 902 1640 jam
922 1603 1044 1636 obtinet)
1063 1601 1231 1631 Reetoriam

168 1643 298 1675 Ecclesie
314 1640 486 1672 Parochialis
500 1640 536 1669 de
552 1640 656 1679 Trymle
687 1641 766 1670 beate
785 1643 877 1670 Marie
898 1640 1022 1678 ejusdem
1040 1639 1158 1671 Dioces'
1180 1649 1233 1670 cu-

165 1683 212 1721 jus
224 1680 348 1713 Paroch'
362 1680 444 1710 Fines
457 1679 489 1710 &
506 1678 625 1709 Limites
666 1679 760 1710 inibus
772 1680 805 1710 &
820 1679 973 1709 Limitibus
995 1677 1131 1708 Rectorie
1146 1677 1232 1716 prior’

166 1721 298 1759 adjacent
320 1728 472 1755 earumque
493 1716 619 1747 Ecclesie
643 1718 673 1747 in
691 1726 750 1748 uno
769 1717 928 1749 Gemiterio
946 1715 1079 1749 existunt)
1107 1718 1233 1753 recipere

169 1759 274 1798 poffit,
292 1758 326 1788 δε
339 1757 433 1795 quoad
449 1756 551 1786 vixerit
564 1756 691 1787 retinere.
732 1756 801 1787 Dat'
813 1756 890 1786 sexto
907 1756 964 1786 Die
980 1755 1087 1785 Mensis
1107 1754 1234 1793 Aprilis,

169 1798 266 1867 {Anno
276 1797 403 1864 Domilni
415 1793 565 1825 millesimo
577 1794 779 1826 sexcentesimo
790 1795 927 1826 vicesimo
941 1795 1058 1833 quinto,
1076 1793 1109 1824 &
1125 1794 1232 1824 Trans-

181 1846 280 1868 ationis
322 1843 352 1865 ut
379 1845 396 1865 u
418 1843 456 1865 ra.

206 1843 416 1905 Confirmatio?
443 1871 536 1902 Teste
550 1870 632 1911 Rege
645 1871 718 1911 apud
735 1870 931 1910 Wllminller,
949 1878 1030 1901 nono
1041 1870 1098 1902 Die
1113 1870 1233 1910 Aprilis,

208 1954 336 1989 Georgius
348 1948 417 1989 Phip
434 1959 466 1979 en
480 1948 626 1987 Clericus,
644 1948 680 1979 A.
698 1947 745 1979 M.
759 1958 874 1980 necnon
890 1947 1060 1986 Capelianus
1073 1948 1236 1979 honorandi

172 1990 235 2020 Viri
246 1989 355 2019 Ricardi
369 1991 407 2018 Ro
427 1994 487 2017 arts
500 1987 600 2018 Baron’
615 1987 652 2017 de
661 1991 781 2027 Truroe,
800 1996 830 2018 ut
841 1998 894 2018 una
903 1997 973 2018 cum
986 1987 1121 2017 Recioria
1131 1986 1234 2018 Eccle-

173 2030 210 2060 sie
228 2027 397 2059 Parocliialis
411 2027 446 2057 de
462 2032 598 2056 Lamoran
613 2025 732 2056 Dioces'
747 2027 839 2057 Exon'
855 2030 951 2064 (quarn
962 2027 1021 2064 jam
1030 2026 1156 2062 obtinet)
1176 2025 1234 2055 Re-

173 2069 296 2100 &oriam
311 2066 437 2097 Ecclesie
452 2063 626 2096 Parochialis
633 2064 669 2095 de
675 2069 776 2096 Traroe
787 2065 912 2102 ejusdem
924 2064 1043 2095 Dioces’
1064 2064 1166 2102 (modo
1175 2074 1235 2095 non

173 2106 257 2137 distet
275 2116 289 2136 a
308 2106 394 2143 priori
409 2105 478 2135 ultra
491 2104 549 2135 duo
566 2103 694 2139 Milliar')
712 2105 837 2141 recipere
853 2103 953 2141 poilit,
971 2105 1004 2135 ὅ(
1020 2103 1235 2142 iniimulquoad

172 2145 272 2176 vixerit
288 2146 416 2175 retinere.
456 2143 524 2174 Dat'
540 2143 694 2174 undecimo
708 2143 765 2173 Die
780 2142 889 2173 Mensis
900 2145 990 2180 Maii,
1012 2142 1099 2172 Anno
1110 2141 1237 2173 Domini

174 2183 325 2252 fffflssfimo
348 2183 546 2227 sexcentesimo
565 2182 702 2213 vicesimo
722 2182 841 2221 quinto,
866 2182 899 2213 &
921 2181 1127 2212 Transsationis
1149 2181 1237 2212 Anno

198 2232 293 2252 ecimo
329 2230 416 2251 uinto.

176 2231 416 2330 DConsiiilmatio.
450 2259 539 2290 Teste
557 2259 642 2298 Rege
661 2259 735 2299 apud
757 2258 1038 2300 Westmonasterium,
1059 2258 1238 2290 duodecimo

213 2301 238 2329 ie
255 2302 309 2329 Ma
319 2302 337 2327 i.
1190 2321 1193 2323 .

213 2374 327 2404 Thomas
341 2373 466 2413 Jacksbn
480 2374 624 2412 Clericus,
640 2375 670 2405 S.
684 2375 725 2405 T.
740 2373 772 2405 P.
788 2383 818 2406 ut
832 2383 958 2406 unacum
971 2375 1084 2405 Vicaria
1104 2383 1239 2413 perpetua

173 2413 305 2445 Ecclefie
320 2412 488 2442 Parochialis
499 2413 750 2443 Sand't'iNicolaiin
765 2415 849 2443 Novo
865 2414 958 2454 Castro
968 2414 1047 2450 super
1055 2417 1150 2443 Tinam
1161 2414 1240 2444 Dio—

173 2451 232 2483 ces'
248 2450 412 2481 Dunelmen’
431 2452 529 2488 (quani
543 2453 600 2489 jam
615 2453 739 2488 obtinet)
759 2452 926 2482 Re&oriam
945 2452 1071 2482 Ecclesie
1086 2451 1238 2483 Parochiff—

172 2490 206 2521 lis
219 2490 254 2521 de
268 2489 407 2527 .l{'in[lon'
420 2489 543 2526 ejusdem
562 2490 680 2520 Dioces’
703 2490 806 2528 (modo
823 2500 881 2520 non
901 2490 983 2520 distet
1001 2500 1016 2519 a
1039 2489 1152 2520 Vicaria
1174 2501 1237 2528 pre-

174 2529 245 2560 diff
262 2529 331 2560 ultra
346 2528 449 2565 viginti
463 2529 497 2559 &
512 2528 584 2558 0610
603 2528 732 2564 Milliar')
749 2529 874 2566 recipere
886 2529 986 2566 possit,
1004 2530 1038 2559 &
1053 2530 1147 2566 quoad
1165 2532 1240 2560 vixe-

174 2569 211 2599 rit
225 2569 356 2598 retinere.
392 2566 460 2597 Dat'
474 2566 649 2597 duodecimo
664 2566 722 2597 Die
738 2570 831 2604 Maii,
854 2567 940 2597 Anno
957 2567 1080 2597 Domini
1090 2566 1240 2599 milleiimo

173 2605 378 2674 sexcenstesimo
388 2605 525 2636 vicesimo
539 2606 658 2644 quintO,
676 2603 919 2637 &Transi-ationis
935 2606 1023 2636 Anno
1031 2606 1147 2636 decimo
1155 2608 1240 2644 quin-

175 2654 208 2676 to
224 2653 254 2676 ut
279 2656 295 2675 u
318 2654 356 2674 ra.

206 2654 410 2753 CoDnfii'gnmtio.
429 2681 521 2713 Teste
537 2679 617 2722 Rege
630 2682 705 2721 apud
719 2681 997 2722 l½st7n07zasleriun1,
1016 2682 1036 2702 ²*
1046 2691 1147 2721 quarto
1155 2683 1233 2715 deci-

175 2733 227 2754 mo
276 2733 300 2754 ie
351 2733 399 2750 an.

26 2690 157 2719 *xvnh

25 2729 91 2757 661.

212 2798 322 2830 Samuel
336 2803 456 2829 Travers
470 2796 620 2837 Clericus,
640 2798 676 2829 A.
694 2799 741 2828 Μ.
755 2808 870 2830 necnon
888 2797 1058 2836 Capelianus
1079 2798 1240 2831 honorandi

181 2836 243 2868 Viri
256 2838 367 2869 Ricardi
379 2836 498 2867 Robarts
518 2837 620 2869 Baron’
632 2837 668 2866 de
681 2839 806 2875 Truroe',
824 2847 855 2868 ut
872 2847 924 2867 una
935 2847 1003 2867 cum
1014 2836 1129 2868 Vicaria
1144 2849 1240 2878 perpe-

178 2882 225 2905 tua
241 2876 365 2907 Ecclesie
388 2876 559 2906 parochialis
574 2876 609 2906 de
624 2875 798 2906 Thorverton
816 2874 934 2906 Dioces'
955 2876 1049 2906 Ex0n⁷
1067 2878 1164 2914 (quam
1180 2879 1239 2914 jam

179 2914 302 2951 obtinet)
321 2915 463 2945 vicariam
487 2923 648 2952 perpetuam
669 2914 796 2944 Ecclesie
824 2913 994 2944 Parochialis
1016 2915 1051 2944 de
1080 2915 1239 2946 Littleham

177 2951 303 2990 ejusdem
317 2952 434 2983 Dioces'
451 2953 543 2983 modo
561 2963 621 2983 non
635 2953 718 2983 distet
735 2964 748 2983 a
765 2953 853 2991 priori
864 2952 1157 2991 ultraquatuordecim
1168 2955 1237 2986 Mil-

132 2999 136 3003 ’
176 2989 249 3023 liar')
269 2991 391 3025 recipere
404 2991 505 3028 poffit,
520 2992 553 3021 ὃς
571 2991 666 3028 quoad
681 2993 781 3022 vixerit
801 2992 928 3020 retinere.
967 2990 1036 3022 Dat'
1049 2991 1165 3022 decimo
1181 3003 1240 3024 ter—

176 3030 219 3059 tio
235 3028 294 3058 Die
307 3028 414 3058 Mensis
427 3032 500 3058 Maii
513 3029 600 3058 Anno
617 3029 742 3059 Domini
761 3030 912 3060 millesimo
934 3029 1136 3060 sexcentesimo
1159 3033 1239 3063 vice-

175 3068 251 3098 iimo
265 3068 383 3109 quinto,
399 3068 430 3097 &
448 3067 652 3097 Transsationis
669 3069 760 3098 Anno
777 3069 894 3097 decimo
908 3068 1013 3104 quinto
1024 3091 1033 3105 ,
1052 3077 1081 3098 ut
1095 3069 1181 3105 supr-a.

177 3105 410 3174 DColndnrmatio.
429 3104 519 3135 Teste
532 3105 614 3145 Rege
629 3106 703 3144 apud
719 3106 985 3146 nr'istmonaslerium,
1001 3106 1118 3138 decimo
1126 3111 1236 3147 {quarto

213 3154 237 3174 ie
288 3155 334 3173 an.

210 3219 356 3258 Johannes
374 3216 519 3288 Warniffry
535 3220 682 3258 Clericus,
701 3219 738 3251 A.
753 3220 801 3251 M.
816 3232 932 3252 necnon
951 3221 1121 3258 Capelianus
1140 3222 1237 3255 Reve-

175 3258 255 3289 rendi
270 3260 298 3288 in
316 3258 436 3290 Christo
477 3260 541 3289 atris
554 3261 587 3291 &
600 3259 759 3290 Confratris
772 3259 861 3290 nostri
875 3260 1018 3298 Johannis
1032 3262 1156 3298 Wi'gorn'
1167 3263 1236 3301 Epi-

178 3298 263 3334 copi,
284 3305 314 3326 ut
331 3307 385 3327 una
402 3306 471 3340 cum
483 3296 621 3329 Rectoria
635 3297 761 3329 Ecclesie
781 3297 951 3330 Parochialis
966 3299 1002 3329 de
1019 3303 1034 3329 I
1047 3300 1099 3339 siey
1117 3300 1237 3332 Dioces'

177 3336 301 3378 W'igqrn'
319 3336 416 3378 (quem
436 3344 498 3372 Jam
522 3337 644 3374 obtinet)
671 3336 839 3368 Re&oriam
868 3337 993 3367 Ecclesie
1037 3339 1183 3370 arochialis
1199 3339 1235 3370 de

176 3374 345 3417 HuJJtngrree
364 3373 487 3417 ejusciem
507 3373 624 3406 Dioces’
644 3375 749 3415 (modo
763 3385 824 3406 non
837 3375 922 3406 distet:
938 3386 952 3406 a
967 3377 1054 3414 priori
1080 3378 1148 3409 ultra
1166 3389 1234 3417 qua-

175 3413 335 3456 tuordecim
364 3411 487 3454 Milliar’)
514 3414 639 3451 recipere
661 3414 764 3453 poffit,
790 3416 823 3446 &
850 3414 944 3453 quoad
977 3415 1077 3447 vixerit
1105 3418 1233 3449 retinere.

175 3451 247 3482 Dat'
259 3451 375 3493 decimo
391 3450 446 3480 Die
463 3449 569 3492 Mensis
583 3455 657 3482 Maii
671 3454 760 3484 Anno
781 3453 906 3484 Domini
921 3453 1072 3484 millesimo
1093 3455 1234 3487 sexcente-

174 3491 248 3558 {mo
263 3491 400 3521 viceiimo
424 3497 540 3526 quinte,
561 3491 594 3521 &
608 3490 812 3523 Transsationis
831 3492 921 3523 Anno
938 3492 1054 3523 decimo
1077 3495 1179 3532 quinto
1203 3504 1235 3526 ut

191 3539 263 3566 upra.

198 3567 427 3635 'Congmaltliqoz
446 3564 534 3595 Teste
549 3565 634 3604 Rege
652 3568 728 3606 apud
745 3568 1017 3609 mstmmasterium,
1036 3579 1139 3608 quarto
1164 3570 1228 3601 De-

177 3614 258 3636 cimo
310 3615 336 3636 ie
390 3616 437 3635 an.

209 3682 398 3712 Ferdinandus
421 3680 601 3720 Moorecrofte
629 3680 772 3720 Clericus,
790 3682 827 3713 A.
854 3683 901 3715 M.
924 3694 1039 3715 necnon
1064 3683 1234 3722 Capellanus

173 3721 327 3757 prenobilis
349 3720 411 3750 Viri
426 3720 559 3750 Edvardz‘
580 3719 705 3750 Comitis
726 3721 874 3759 Dorcestr',
894 3730 925 3753 ut
944 3733 997 3753 una
1012 3733 1081 3753 cum
1097 3724 1235 3755 Rectoria

173 3757 300 3788 Ecclesie
317 3759 485 3789 parochialis
499 3759 533 3789 de
546 3758 681 3797 Stanhope
696 3757 987 3791 Dioces'Dunolmen'
1003 3765 1101 3798 (quam
1106 3763 1167 3800 jam
1177 3764 1233 3793 ob-

173 3798 254 3831 tinet)
276 3796 418 3839 &ficariam
434 3806 596 3836 perpetuam
612 3796 737 3828 Ecclesie
747 3796 917 3827 Parochialis
932 3799 969 3829 de
982 3799 1152 3837 Highington
1162 3802 1233 3838 ejus—

171 3833 239 3864 dem
259 3833 376 3865 Dioces'
393 3837 483 3866 modo
499 3846 557 3865 non
574 3835 658 3866 distet
671 3846 687 3866 a
699 3835 834 3865 Rectoria
851 3836 968 3873 predict'
980 3837 1049 3867 ultra
1063 3839 1231 3870 oetodecrm

175 3871 304 3916 Milliar')
325 3875 449 3911 recipere
466 3874 566 3912 poffit,
586 3876 619 3906 δε
633 3874 726 3913 quoad
743 3875 841 3904 vixerit
859 3874 986 3905 retinere.
1024 3875 1091 3905 Dat'
1114 3877 1232 3908 decimo

172 3911 249 3952 sexto
271 3911 324 3940 .)1e
339 3911 445 3943 Mensis
460 3917 541 3943 Maii.
570 3913 657 3944 Anno
674 3913 798 3943 Domini
811 3911 960 3942 millesimo
976 3912 1176 3947 sexcentesimo
1190 3919 1233 3947 vi-

175 3950 283 3979 ceiifflo
301 3950 402 3986 quinto
414 3973 421 3986 ,
440 3953 473 3983 &
490 3952 696 3982 Transsationis
708 3951 825 3982 decimo
843 3951 942 3988 quinto
958 3958 988 3980 ut
1002 3950 1088 3988 supra.

178 4026 197 4058 t·
211 3986 415 4056 (Σοιὸὶῇιῑῧίο.
451 3989 541 4022 Teste
556 3989 641 4030 Rege
656 3990 729 4028 apud
744 3987 1020 4030 westmonasterium,
1037 3989 1154 4023 decimo
1171 3993 1234 4032 sep-

193 4035 252 4057 1m0
300 4035 325 4056 ie
377 4037 423 4057 an.

1291 132 1771 176 PUBLICA.
2267 143 2319 188 37

1265 253 1270 259 .
1301 215 1445 259 Johainnes
1463 220 1549 256 Byam
1561 219 1705 256 Clericus,
1723 220 1760 249 A.
1777 219 1822 249 M.
1838 229 1953 251 necnon
1969 219 2135 258 Capelianus
2149 217 2311 249 Reverendi
2326 215 2403 247 Ann.
2418 214 2465 251 D.

1262 262 1292 283 in
1313 253 1430 284 Christo
1452 254 1538 285 Patris
1558 258 1591 287 ὃς
1609 256 1768 286 Confratris
1783 257 1870 286 nostri
1896 259 2006 289 Roberti
2024 256 2144 296 Brzstoll’
2158 257 2308 294 Episcopi,
2348 257 2432 293 1625.

1263 300 1294 322 ut
1310 302 1363 322 una
1379 302 1447 322 cum
1463 292 1600 325 Reeroria
1617 294 1742 325 Ecclesie
1757 295 1923 325 parochialis
1943 298 1978 327 de
1998 295 2177 327 clotworthie
2197 293 2310 325 Dioces’
2323 297 2374 320 AJ-
2398 303 2420 322 ¹.

1264 330 1387 373 Barhon’
1401 332 1434 362 ὃς
1451 330 1563 360 Wellen’
1584 336 1679 369 (quarn
1694 333 1750 369 jam
1763 333 1884 368 obtinet)
1909 333 2048 364 vicariam
2066 344 2227 373 perpetuam
2250 333 2307 363 Ec·
2321 335 2384 360 Car·
2408 341 2432 360 ¹.

1263 370 1343 399 cleiie
1359 368 1527 398 parochialis
1541 369 1576 399 de
1590 369 1748 399 Dulnerton
1762 370 1887 407 ejusdem
1901 370 2016 402 Dioces'
2034 374 2136 411 (modo
2153 382 2212 402 non
2224 372 2309 402 distet

1264 417 1279 437 a
1297 406 1436 438 Redisoria
1456 407 1580 444 predista
1596 408 1664 437 ultra
1677 408 1782 444 septem
1799 407 1928 442 Milliar')
1946 412 2067 447 recipere
2082 411 2182 449 possit,
2201 412 2234 442 &
2248 410 2312 439 insi-

1264 446 1324 476 mul
1344 445 1438 483 quoad
1462 445 1562 474 vixerit
1586 446 1712 474 retinere.
1752 445 1817 475 Dat’
1840 447 1978 476 vicesimo
1996 450 2097 484 quinto
2123 448 2179 479 Die
2205 448 2312 478 Mensis

1265 487 1360 519 Maii,
1378 484 1467 514 Anno
1483 482 1603 512 Domini
1620 483 1770 512 millesimo
1786 483 1986 514 sexcentesimo
1997 488 2130 517 vicesimo
2146 489 2260 525 quinto,
2278 488 2312 517 &-

1263 521 1464 553 Transsationis
1482 521 1569 550 Anno
1586 521 1702 550 decimo
1716 522 1826 558 quinto.
1865 520 1909 551 Ut
1924 522 2010 560 supra.

1265 559 1502 628 ἃ(ἶοηΙῈὸῑῐῑιτιῑΙίο.
1540 558 1628 590 Teste
1645 558 1731 596 Rege
1743 559 1818 597 apud
1839 559 2113 600 qullmonasteriurn,
2131 562 2266 594 vicesimo
2280 573 2315 594 o.

1296 609 1351 631 avo
1400 599 1426 629 ie
1438 601 1463 626 A
1475 601 1522 627 aii.

1302 674 1446 712 Johanner
1460 673 1553 712 Kyffi'n
1577 672 1723 711 Clericus,
1742 672 1778 703 A.
1798 671 1830 702 Β.
1850 681 1964 702 necnon
1980 672 2144 710 Capelianus
2166 679 2316 715 prenobilis

1267 711 1329 743 Viri
1347 714 1445 743 Thome
1464 713 1589 743 Comitis
1608 712 1681 751 Suff’
1701 711 1850 748 prenobilis
1869 710 1986 740 Ordinis
2004 712 2125 741 Garterii
2150 714 2266 754 Militis,
2285 726 2315 747 ut

1264 762 1319 782 una
1334 762 1401 782 cum
1411 751 1520 782 Vicaria
1536 760 1670 789 perpetua
1687 750 1811 780 Ecclesie
1821 748 1990 779 Parochialis
1999 750 2035 778 de
2048 749 2186 788 Llanfilm
2200 753 2314 784 Dioces’

1266 789 1415 829 Affaphen'
1432 794 1531 828 (quam
1543 790 1603 826 jam
1621 789 1742 826 obtinet)
1763 788 1903 818 vicariam
1920 796 2080 823 perpetuam
2098 788 2223 820 Ecclesie
2232 792 2319 822 Paro-

1266 829 1362 859 chialis
1384 829 1420 859 de
1442 827 1591 868 Oswestree
1609 827 1731 865 ejusdem
1753 825 1882 862 Dioces’)
1903 825 1994 854 modo
2015 835 2073 855 non
2102 825 2185 856 distet
2203 838 2217 856 a
2235 831 2319 864 priori

1267 867 1337 897 ultra
1356 875 1477 906 quatuor
1500 866 1627 903 Milliar')
1649 867 1774 902 recipere
1796 863 1898 901 possit,
1915 866 1948 893 &
1967 863 2060 901 quoad
2078 865 2176 894 vixerit
2196 868 2319 896 retinere.

1268 905 1335 936 Datt'
1348 906 1485 937 vicesimo
1500 905 1618 942 septimo
1635 905 1680 935 die
1700 903 1806 934 Meniis
1826 904 1899 931 Maii
1917 902 2004 932 Anno
2023 901 2148 931 Domini
2173 903 2321 934 millesimo

1267 943 1471 1012 sexcentesimo
1492 944 1628 974 vicesimo
1659 943 1776 981 quinto,
1804 942 1836 971 ὃ(
1867 940 2074 971 Transsationis
2100 942 2188 970 Anno
2206 941 2322 972 decimo

1290 991 1369 1012 uinto
1382 992 1411 1013 ut
1439 993 1454 1012 u
1478 992 1514 1013 ra.

1269 992 1288 1021 q
1306 992 1508 1088 (gonfirmallo.
1531 1019 1621 1051 Teste
1636 1019 1718 1059 Rege
1730 1018 1804 1057 apud
1818 1016 2073 1057 Westmonasterium
2090 1016 2226 1047 vicesimo
2239 1018 2318 1049 oeta-

1272 1068 1312 1089 vo
1345 1060 1372 1089 ie
1388 1062 1472 1089 Maii.

1308 1134 1425 1165 Thomas
1438 1136 1530 1166 Baker
1548 1135 1695 1172 Clericus,
1714 1133 1750 1164 A.
1772 1132 1819 1163 M.
1838 1135 1953 1164 necnon
1971 1130 2141 1170 Capelianus
2157 1132 2328 1164 Honorandi

1269 1174 1331 1205 Viri
1345 1177 1452 1212 Georgii
1467 1174 1591 1204 Domini
1616 1172 1751 1212 Berkley,
1769 1171 1870 1202 Baron’
1892 1172 1927 1202 de
1949 1171 2065 1211 Berkley
2079 1175 2118 1200 Ca
2143 1169 2187 1209 le,
2204 1171 2327 1202 Domini

1270 1213 1427 1252 hlatchray,
1446 1216 1585 1250 Seagrave
1600 1214 1743 1248 &Bruce,
1762 1219 1793 1240 ut
1808 1220 1936 1240 unacum
1951 1209 2086 1240 Refloria
2121 1209 2226 1240 'ccleiie
2243 1209 2330 1240 Paro·

1270 1252 1367 1281 chialis
1385 1254 1463 1282 beate
1475 1254 1569 1281 Marie
1586 1250 1705 1289 Majoris
1718 1249 1791 1279 infra
1809 1249 1926 1279 Civitat'
1939 1251 1972 1279 ὃς
1990 1248 2109 1279 Dioces'
2124 1248 2216 1277 Exon⁷
2233 1249 2329 1286 (quam

1264 1291 1327 1328 jam
1344 1290 1466 1326 obtinet)
1488 1290 1656 1320 Redioriam
1674 1288 1798 1319 Ecclesie
1810 1286 1980 1318 Parochialis
1999 1287 2034 1318 de
2051 1286 2192 1325 Whitston
2206 1288 2329 1323 ejusdem

1271 1328 1392 1359 Dioces'
1412 1328 1516 1366 (modo
1531 1337 1588 1358 non
1605 1328 1686 1358 distet
1704 1337 1719 1357 a
1734 1327 1821 1364 priori
1838 1326 1908 1356 ultra
1920 1335 2040 1364 quituor
2060 1326 2184 1358 Milliar')
2209 1327 2332 1363 recipere

1270 1366 1370 1406 possit,
1389 1368 1423 1398 δε
1441 1367 1534 1406 quoad
1553 1367 1652 1397 vixerit
1669 1366 1795 1396 retinere.
1831 1364 1898 1394 Dat’
1913 1364 2048 1394 vicefimo
2063 1366 2170 1395 oeiavo
2186 1363 2232 1394 die
2246 1368 2333 1403 Maii,

1270 1406 1361 1437 Anno
1380 1405 1507 1436 Domini
1525 1405 1675 1435 millefimo
1691 1404 1893 1434 sexcentesimo
1908 1404 2046 1434 viceiimo
2059 1404 2158 1441 quinto
2168 1403 2332 1441 ,&Trans-

1270 1445 1381 1476 lationis
1400 1453 1431 1475 ut
1453 1444 1531 1482 supra
1544 1444 1660 1474 decimo
1674 1444 1782 1481 quinto.

1273 1482 1511 1553 &Gong‘matlo'
1551 1481 1640 1513 Teste
1654 1481 1737 1520 Rege
1757 1480 1831 1519 apud
1849 1479 2120 1519 westmonasterium,
2140 1480 2278 1511 vicesimo
2298 1490 2332 1511 o-

1304 1532 1360 1553 avo
1395 1523 1420 1553 ie
1435 1525 1519 1552 Maii.

1307 1599 1466 1629 Edwardus
1480 1598 1594 1636 Shipton
1609 1597 1754 1636 Clericus,
1773 1595 1810 1627 A.
1833 1594 1878 1625 M.
1897 1604 2013 1626 necnon
2037 1596 2203 1634 Capelianus
2224 1596 2331 1628 Hono-

1270 1638 1356 1668 rande
1379 1637 1496 1667 Femine
1513 1637 1645 1666 Elianore
1668 1636 1799 1667 Domine
1822 1635 1945 1664 Gerrard
1970 1634 2111 1665 Baronisse
2133 1635 2169 1665 de
2193 1637 2331 1667 Gerrards‘

1272 1675 1397 1714 Bromle'y
1413 1678 1442 1706 in
1457 1675 1548 1705 Com'
1559 1675 1656 1713 Staff‘,
1673 1684 1703 1705 ut
1714 1684 1767 1705 una
1779 1684 1847 1704 cum
1865 1672 1998 1704 Rectoria
2014 1673 2138 1704 Ecclesie
2161 1674 2333 1705 parochialis

1272 1716 1308 1745 de
1316 1713 1418 1754 Ajhley
1431 1714 1551 1744 Dioces'
1565 1714 1668 1743 Coven’
1686 1715 1718 1744 &
1738 1712 1863 1742 Lichen‘i
1882 1722 1968 1749 quam
1988 1713 2046 1750 jam
2068 1714 2190 1749 obtinet)
2217 1713 2330 1744 keero-
2354 1713 2362 1721 ⁸

1272 1756 1343 1784 riam
1360 1753 1485 1783 Ecclesie
1500 1751 1671 1782 Parochialis
1681 1751 1718 1780 de
1733 1749 1864 1785 Alderley
1879 1750 1997 1781 Dioces'
2010 1750 2136 1790 Cestrien’
2154 1752 2258 1789 (modo
2274 1762 2334 1782 non

1273 1792 1358 1823 distet
1371 1802 1386 1821 a
1404 1791 1491 1829 priori
1511 1791 1580 1821 ultra
1596 1790 1696 1828 viginti
1712 1789 1838 1823 Milliar')
1861 1790 1980 1827 recipere
1997 1790 2097 1826 possit,
2119 1791 2152 1820 &
2174 1790 2268 1828 quoad
2289 1791 2334 1820 vi-

1272 1832 1343 1861 xerit
1358 1832 1487 1860 retinere.
1516 1829 1583 1859 Dat’
1598 1838 1692 1866 primo
1706 1828 1752 1857 die
1767 1827 1852 1865 Junii
1868 1829 1954 1857 Anno
1972 1828 2095 1858 Domini
2111 1829 2259 1858 millesimo
2274 1829 2331 1859 sex-

1271 1870 1427 1901 centesimo
1442 1869 1580 1900 vicesimo
1597 1869 1719 1905 quinto,
1736 1866 1769 1896 &
1785 1865 1989 1896 Transsaiionis
2007 1869 2095 1897 Anno
2109 1867 2227 1897 decimo
2249 1868 2336 1905 quin-

1273 1918 1313 1940 to.

1309 1946 1509 1977 Confirmatio.
1542 1944 1634 1976 Teste
1651 1942 1734 1983 Rege
1747 1943 1820 1982 apud
1838 1940 2115 1982 westmonasterium,
2140 1943 2264 1974 secundo
2287 1943 2334 1974 die

1273 1985 1370 2026 Junii.

1314 2062 1423 2093 Samuel
1442 2063 1537 2103 Sanky
1557 2058 1706 2098 Clericus,
1726 2061 1763 2091 A.
1788 2056 1834 2091 M.
1854 2070 1969 2092 necnon
1989 2059 2155 2098 Capelianus
2176 2060 2340 2090 Reverendi

1275 2104 1306 2134 in
1326 2101 1448 2134 Christo
1468 2102 1557 2132 Patris
1572 2103 1605 2133 ὃς
1622 2100 1782 2131 Confratris
1802 2100 1890 2131 nostri
1908 2099 2050 2138 Johanm's
2065 2103 2163 2129 Sarum
2183 2098 2335 2138 Episcopi,

1275 2152 1306 2173 ut
1325 2152 1377 2172 una
1386 2150 1454 2171 cum
1462 2140 1571 2171 Vicaria
1585 2147 1717 2178 perpetua
1727 2138 1854 2170 Eccleiie
1870 2139 2040 2169 parochialis
2049 2138 2085 2167 de
2095 2138 2223 2168 Wellowe
2234 2138 2250 2156 ἢ*
2264 2137 2335 2168 Dio-
2352 2139 2488 2170 *xan

1275 2182 1328 2212 ces'
1343 2184 1463 2211 Winton
1481 2180 1578 2216 (quam
1596 2179 1656 2217 jani
1675 2178 1798 2214 obtinet)
1829 2177 1995 2208 Refiori-im
2020 2176 2147 2207 Ecclesie
2164 2176 2336 2207 parochialis
2350 2182 2414 2208 662.

1276 2221 1311 2251 de
1328 2217 1464 2258 Sherfeild
1477 2215 1591 2254 English
1606 2216 1731 2254 ejusdem
1755 2216 1870 2246 Dioces'
1891 2216 1995 2253 (modo
2015 2225 2074 2245 non
2094 2215 2177 2244 distet
2191 2225 2206 2244 a
2223 2214 2336 2246 Vicaria

1276 2258 1402 2298 predicta
1416 2258 1486 2287 ultra
1502 2258 1560 2285 duo
1578 2255 1705 2290 Miniar’)
1721 2257 1845 2292 recipere
1866 2255 1967 2292 possit,
1987 2255 2019 2284 ὃ(
2038 2253 2132 2292 quoad
2149 2254 2248 2284 vixerit
2272 2256 2338 2284 reti-

1276 2307 1353 2328 nere.
1394 2295 1463 2325 Dat'
1476 2296 1570 2331 primo
1586 2294 1631 2324 die
1648 2293 1756 2324 Mensis
1769 2294 1854 2332 Junii
1872 2294 1958 2323 Anno
1977 2292 2108 2322 Domini.
2116 2292 2264 2323 millesimo
2280 2293 2342 2322 sex-

1275 2334 1431 2367 centesimo
1445 2332 1583 2364 vicesimo
1598 2334 1718 2371 quinto,
1736 2333 1769 2364 &
1784 2331 1985 2363 Transsationis
2000 2331 2086 2362 Anno
2101 2330 2218 2361 decimo
2238 2332 2340 2369 quinto

1276 2383 1307 2406 ut
1323 2376 1350 2404 su
1374 2383 1410 2402 ra.

1313 2383 1516 2443 Coprifirmatio.
1553 2409 1644 2442 Teste
1665 2410 1749 2449 Rege
1765 2409 1839 2447 apud
1858 2408 2115 2450 Wstmonasterium
2131 2430 2142 2448 ,
2164 2409 2260 2446 primo
2279 2408 2339 2440 Die

1278 2453 1368 2491 szii.

1313 2536 1470 2567 Willielmus
1486 2535 1593 2565 Franke
1611 2533 1758 2571 Clericus,
1778 2532 1813 2563 A.
1828 2532 1872 2562 M.
1891 2543 2007 2564 necnon
2021 2532 2189 2572 Capelianus
2205 2535 2340 2571 prenobi-

1276 2577 1340 2608 bilis
1354 2576 1416 2606 Viri
1433 2578 1546 2604 Henrici
1564 2572 1689 2603 Comitis
1703 2572 1887 2602 Northumbr’
1897 2595 1905 2608 ,
1925 2581 1957 2602 ut
1972 2582 2026 2602 una
2041 2582 2108 2602 cum
2128 2571 2263 2602 Reecoria
2281 2573 2340 2604 Ec-

1278 2615 1359 2647 clefie
1373 2614 1545 2645 Parochialis
1568 2612 1602 2642 de
1630 2611 1748 2650 Stockley
1773 2608 1884 2648 Englth
1908 2610 2026 2641 Dioces'
2050 2611 2153 2647 Exon‘)
2174 2620 2260 2648 quain
2281 2613 2338 2648 jam

1278 2653 1402 2690 obtinet)
1424 2653 1592 2683 Restoriam
1609 2649 1735 2680 Ecclesie
1753 2648 1923 2680 Parochiaiis
1937 2649 1972 2679 de
1989 2647 2114 2686 Pouglxll
2125 2650 2246 2686 ejusdem
2263 2650 2340 2681 Dio-

1279 2693 1345 2731 ces')
1369 2691 1459 2722 modo
1474 2701 1532 2721 non
1547 2688 1630 2719 distet
1646 2699 1661 2719 a
1677 2688 1763 2727 priori
1786 2688 1856 2718 ultra
1878 2689 1927 2718 tria
1946 2686 2074 2723 Milliar⁷)
2097 2690 2217 2725 recipere
2238 2689 2338 2726 possit,

1279 2733 1311 2763 &
1328 2730 1420 2768 quoad
1435 2730 1535 2760 vixerit
1550 2729 1675 2758 retinere.
1716 2725 1784 2756 Dat’
1808 2726 1933 2768 secundo
1956 2725 2016 2756 Die
2034 2726 2139 2756 Menlis
2157 2729 2232 2760 ‘funii
2249 2727 2337 2757 Anno

1277 2770 1401 2800 Domini
1421 2768 1570 2799 millesimo
1588 2765 1787 2797 sexcentesimo
1802 2765 1940 2796 ViCCilmO
1953 2766 2054 2804 quinto
2065 2788 2074 2804 ,
2093 2764 2338 2796 &Tranilitionis

1278 2809 1366 2839 Anno
1383 2807 1499 2838 decimo
1515 2806 1616 2845 quinto
1629 2814 1659 2835 ut
1673 2804 1761 2841 supra.

1313 2846 1515 2877 Confirmatio.
1547 2843 1637 2874 Teste
1657 2842 1743 2881 Rege
1761 2841 1835 2882 apud
1855 2840 2117 2881 Wstmonasterium
2134 2865 2143 2880 ,
2170 2842 2256 2873 tertio
2275 2841 2334 2873 Die

1276 2887 1366 2925 Junii.

1313 2970 1477 3003 Willielmus
1495 2967 1584 3008 Foster
1599 2967 1747 3005 Clericus,
1766 2967 1794 2997 S.
1809 2967 1849 2997 T.
1865 2966 1899 2996 P.
1916 2974 1946 2996 ut
1963 2975 2016 2996 una
2031 2975 2098 2997 cum
2118 2965 2256 2997 Recioria
2278 2966 2337 2997 Ec-

1275 3010 1358 3042 clesie
1371 3009 1541 3040 Parochialis
1557 3007 1594 3036 de
1608 3010 1728 3035 Barrow
1744 3005 1864 3036 Dioces'
1879 3005 1994 3043 cestren'
2015 3007 2023 3035 s
2027 3014 2111 3043 quam
2132 3006 2190 3042 jam
2211 3006 2333 3038 obtinet)

1277 3049 1448 3080 Rec'ioriam
1470 3045 1593 3077 Ecclesie
1617 3044 1789 3074 Parocliialis
1814 3044 1851 3074 de
1869 3042 2047 3073 Northerden
2068 3043 2191 3081 ejusdem
2217 3042 2334 3074 Dioces’

1275 3087 1365 3119 modo
1381 3097 1441 3117 non
1456 3085 1540 3115 distet
1552 3095 1566 3114 a
1582 3085 1667 3122 priori
1682 3083 1752 3113 ultra
1766 3083 1867 3121 viginti
1882 3082 1925 3112 sex
1943 3081 2067 3119 Miliiar')
2086 3084 2208 3119 recipere
2231 3081 2332 3119 perlit,

1274 3129 1308 3158 ὅ(
1326 3127 1419 3165 quoad
1445 3124 1545 3155 vixerit
1569 3124 1697 3153 retinere.
1737 3120 1806 3151 Dat’
1830 3122 1915 3152 tertio
1933 3120 1992 3151 Die
2016 3120 2124 3150 Mentis
2146 3121 2221 3154 *funii
2246 3123 2332 3149 Anno

1273 3165 1399 3196 Domini
1415 3163 1564 3194 millesimo
1579 3160 1779 3191 sexcentesimo
1795 3160 1929 3191 vicesimo
1946 3161 2066 3198 quinto,
2085 3159 2118 3189 &
2134 3157 2334 3188 Traniiationis

1275 3205 1365 3235 Anno
1381 3203 1498 3233 decimo
1516 3201 1617 3240 quinto
1633 3207 1662 3229 ut
1678 3199 1765 3236 supra.

1312 3241 1513 3272 Confirmatio.
1544 3237 1633 3270 Teste
1653 3237 1738 3276 Rege
1756 3237 1829 3275 apud
1853 3235 2126 3277 westmonasterium,
2150 3242 2252 3272 quarto
2273 3233 2331 3266 Di'e

1273 3282 1369 3321 Junti.

1309 3366 1424 3396 Thomas
1437 3363 1622 3402 Thorowgood
1633 3362 1779 3399 Clericus,
1799 3361 1828 3392 S.
1846 3361 1888 3391 T.
1903 3359 1933 3390 B.
1949 3368 2061 3389 necnon
2078 3357 2244 3398 Capelianus
2266 3359 2326 3390 Re-

1271 3404 1388 3436 verendi
1402 3406 1431 3434 in
1449 3403 1567 3434 Christo
1582 3403 1667 3433 Patris
1683 3403 1715 3432 δε
1733 3400 1893 3431 Confratris
1909 3398 1992 3427 nostri
2009 3395 2115 3433 Johan‘
2139 3401 2236 3427 Sarum
2256 3399 2326 3435 Epi-

1272 3445 1368 3482 scopi,
1388 3451 1419 3474 ut
1434 3452 1487 3472 una
1507 3452 1576 3471 cum
1597 3440 1736 3471 Recrona
1760 3438 1883 3469 Ecclesie
1904 3435 2077 3479 parochialis
2090 3435 2125 3466 de
2144 3436 2328 3505 Masgnglstm

1273 3486 1372 3513 Parva
1388 3481 1504 3511 Dioces’
1519 3480 1675 3509 Norwicen’
1695 3480 1790 3516 (quam
1801 3478 1858 3515 jain
1874 3476 1992 3510 obtinet)
2015 3472 2184 3504 Rectoriam
2215 3475 2328 3506 ‘eclesie

1271 3521 1442 3552 Parochialis
1455 3520 1491 3549 de
1506 3517 1640 3555 Grimslon
1657 3517 1779 3555 ejusdem
1797 3514 1912 3557 Dioces'
1932 3511 2033 3549 (modo
2048 3522 2110 3556 non
2122 3513 2203 3543 distet
2219 3525 2232 3542 a
2250 3515 2330 3552 prio-

1273 3561 1296 3589 ri
1314 3560 1382 3590 ultra
1400 3558 1501 3597 viginti
1515 3557 1640 3589 Miliiar’)
1660 3556 1783 3593 recipere
1800 3554 1901 3590 poilit,
1915 3551 2062 3594 4δί’(μιοειᾴ
2084 3553 2181 3593 vixerit
2199 3556 2327 3583 retinere.

1271 3598 1340 3629 Dat’
1353 3598 1448 3635 primo
1466 3595 1525 3625 Die
1542 3595 1649 3625 Mensis
1666 3593 1770 3632 Junii,
1786 3594 1873 3622 Anno
1883 3590 1992 3619 Dimini
2010 3589 2157 3619 millesimo
2166 3590 2327 3622 sexcenten-

1271 3647 1324 3667 mo
1341 3636 1476 3666 vicesimo
1492 3635 1612 3672 quinto,
1628 3634 1658 3664 &
1677 3630 1880 3662 Transsationis
1895 3629 1983 3657 Anno
1996 3627 2111 3657 decimo
2127 3629 2238 3666 quinto.

1307 3674 1510 3705 Confirmatio,
1542 3672 1632 3704 Teste
1646 3671 1727 3710 Rege
1742 3669 1815 3707 apud
1832 3666 2111 3707 Wstmonastermm,
2129 3667 2249 3700 decimo
2267 3669 2326 3701 sex-

1270 3722 1303 3745 to
1320 3713 1378 3744 Die
1392 3712 1485 3750 Junii.

1307 3799 1442 3838 Philippus
1456 3796 1559 3827 French
1574 3796 1718 3831 Clericus,
1744 3791 1779 3823 A.
1797 3792 1842 3823 M.
1862 3800 1892 3823 ut
1911 3802 1964 3822 una
1984 3801 2051 3821 cum
2071 3791 2182 3823 Vicaria
2198 3803 2331 3834 perpetua

1270 3837 1395 3869 Ecclesie
1410 3836 1582 3867 Parochialis
1603 3835 1638 3864 de
1658 3831 1810 3871 chesterton
1830 3831 1949 3862 Dioces’
1968 3832 2060 3860 Oxon’
2077 3840 2163 3868 quam
2177 3833 2237 3870 jam
2254 3836 2331 3866 obti·

1270 3881 1331 3907 net)
1352 3875 1520 3905 Redioriam
1543 3873 1666 3903 Ecclesie
1687 3870 1856 3900 Parociiiaiis
1881 3870 1917 3899 de
1941 3868 2055 3906 Shz'pton
2079 3872 2158 3907 super
2191 3872 2334 3903 (Ἴωνι-,ΕΠ

1270 3914 1394 3952 ejusdem
1409 3912 1524 3943 Dioces'
1543 3910 1646 3947 (modo
1662 3918 1722 3938 non
1741 3908 1824 3938 distet
1841 3907 1980 3938 aVacaria
1996 3908 2118 3945 predicta
2129 3909 2196 3940 ultra
2206 3911 2333 3947 Spatium

1271 3954 1316 3983 sex
1332 3950 1460 3987 Milliar’)
1481 3951 1605 3986 recipere
1628 3947 1730 3984 poffit,
1747 3948 1781 3978 ὃς
1797 3946 1890 3985 quoad
1910 3947 2008 3976 vixerit
2031 3949 2158 3977 retinere.
2196 3948 2264 3980 Dat.
2280 3960 2332 3980 un-

1272 3991 1389 4021 decimo
1406 3988 1464 4018 Die
1480 3988 1585 4018 Meniis
1600 3986 1686 4024 Junii
1709 3985 1797 4015 Anno
1820 3985 1943 4015 Domini
1961 3984 2108 4016 millesimo
2133 3987 2334 4018 sexcentesimo

1273 4028 1413 4059 vicesimo
1432 4028 1551 4064 quinto,
1568 4026 1601 4056 ὃ(
1618 4022 1820 4093 Τηιῃὼῑίἓηὶε
1836 4023 1926 4054 Anno
1939 4023 2058 4055 decimo
2076 4025 2178 4062 quinto
2197 4034 2226 4056 ut
2246 4026 2332 4092 [ἔφη.

1801 4071 1814 4102 3
2282 4072 2335 4091 one
