2536 4255
645 201 679 242 E
708 199 747 241 T
836 199 871 239 A
910 197 948 239 C
983 197 1024 236 T
1063 198 1099 236 A

0 317 7 324 .
23 291 63 322 D.
84 289 198 328 bearing
219 288 283 319 date
301 288 350 319 the
372 287 468 319 fourth
486 287 554 328 Day
576 286 613 317 of
625 285 714 324 April
730 308 741 323 ‚
766 285 796 315 in
821 284 869 314 the
890 283 990 314 fourth
1008 282 1100 314 Yeare
1116 281 1154 312 of

1189 197 1220 236 P
1258 198 1301 239 U
1342 201 1374 240 Β
1415 201 1449 242 L
1487 203 1506 243 1
1542 203 1582 243 c
1622 205 1670 244 A.
2186 222 2236 249 ιο
2243 216 2262 261 3

1185 281 1251 313 thee
1278 283 1389 323 Taylor
1404 310 1414 325 ‚
1436 288 1507 326 Jean
1525 289 1655 328 Hubart,
1673 289 1766 320 Henri
1784 289 1897 321 Hubert
1913 290 2152 328 Gentilshommes‚
2166 290 2204 326 ῤ’
2222 291 2241 320 ἃ
2259 291 2336 322 Ann.
2353 290 2397 330 Dq

0 341 38 372 31·
83 339 137 359 our
156 327 269 366 Reigne
283 350 292 364 ‚
317 327 443 358 direffistd
469 336 500 357 [Ο
522 324 650 364 nmothy
670 324 783 363 Taylor,
802 321 883 361 J0h⁷³
897 322 1028 366 Hubafss
1047 323 1142 362 Hem]
1185 320 1322 353 GCOffsOl
1343 324 1369 353 le
1391 326 1496 370 Neave
1511 329 1615 362 Ecuyer
1630 350 1641 372 ⁷.
1663 327 1720 357 leur
1738 329 1862 359 donnanc
1876 329 1961 368 ample
1975 332 2102 361 autorite‘
2117 330 2244 360 d'exe‘cu-
2288 331 2376 369 1631.

1 381 28 406 7.
83 365 412 408 HubartLGentlemen
429 388 446 408 „
456 365 510 395 and
524 363 633 402 Jeffery
647 361 672 391 le
687 363 808 405 mave,
827 360 898 399 Efq3
916 360 1028 399 Giving
1045 361 1122 390 them
1133 381 1144 398 ‚
1185 366 1228 389 ter
1240 367 1310 390 cette
1326 364 1506 403 Commzffion,
1519 376 1616 395 comme
1632 364 1680 405 ll]
1691 371 1784 405 paroit
1792 367 1854 405 plus
1869 379 1904 397 au
1919 369 1990 408 long.
2264 373 2317 396 An.
2337 380 2365 403 7-

18 418 42 436 1.
86 407 124 446 by
143 406 191 435 the
215 405 269 435 laid
293 404 487 435 Commiiiion
511 402 604 439 ample
628 401 782 438 Au-thority
799 399 844 429 for
860 404 908 428 ilie
924 400 1016 430 better
1031 398 1144 430 Execu-
2263 412 2327 436 Car·
2343 416 2371 439 1‘

84 445 146 475 tion
162 444 255 474 ofthe
268 444 375 474 Statute
388 441 536 478 atoresaid‚
556 450 584 470 as
599 440 634 477 by
649 439 698 468 the
711 438 767 468 said
784 437 979 468 Commission
997 447 1061 477 may
1079 446 1145 468 mo-

83 492 114 514 re
128 483 230 522 largely
248 491 357 519 appear.
478 517 483 522 ⁷
1019 515 1024 520 .
1089 515 1094 520 ι

123 521 208 552 Now
227 521 301 551 Wee
316 529 362 549 are
376 517 458 555 lately
474 514 619 546 informed
637 514 713 545 from
737 513 838 545 several
852 522 924 552 parts
938 514 974 545 of
983 514 1038 546 this
1054 513 1150 554 King-

1227 516 1328 555 Ayans
1349 515 1417 545 donc
1438 517 1486 545 e‘te'
1501 515 1632 555 informes
1653 518 1742 555 depuis
1760 529 1812 558 peu
1834 520 1867 549 de
1887 520 2015 559 differens
2036 523 2153 552 endroits
2175 522 2207 551 de
2220 533 2248 551 ce

87 559 176 597 dom,
195 560 232 590 of
242 559 334 589 divers
348 556 499 586 Exactions
513 555 567 598 and
580 554 663 584 Other
681 552 872 597 *unsufferable
889 553 996 584 Abuses
1012 555 1150 584 commit·
1193 555 1326 592 Royaume
1342 576 1353 592 ,
1394 565 1424 584 ue
1435 554 1500 593 sous
1522 556 1610 584 ambre
1628 555 1660 583 de
1683 565 1751 599 cette
1776 559 1937 597 commiffion
1955 562 2009 589 l'on
2021 573 2039 589 a
2052 560 2113 599 fait
2127 561 2248 599 diverfis

90 599 137 628 ted
149 622 158 636 ‚
178 599 214 637 by
236 597 342 627 couller
364 594 400 624 of
420 594 469 624 the
489 593 544 623 said
564 591 776 630 Commiffion,
796 601 828 623 to
844 593 891 623 the
911 601 988 631 great
1001 591 1151 629 Trouble‚
1193 593 1331 622 exaaions
1352 565 1393 627 &Z
1412 596 1519 622 commis
1538 593 1582 621 des
1605 593 1670 621 abus
1684 596 1908 634 insupportables,
1925 608 1961 627 au
1975 600 2066 634 grand
2082 599 2192 636 chagrin
2207 597 2246 633 &-

90 636 225 675 Disquiet
237 635 291 664 and
305 633 561 670 Discouragement
584 631 621 661 of
639 641 691 660 our
707 631 808 667 loving
825 630 971 668 Subjects,
987 630 1042 661 and
1058 631 1152 661 there-

90 676 153 706 fore
167 674 262 710 Wee,
281 673 321 711 by
343 671 393 701 the
413 671 523 700 Advice
545 669 581 700 of
591 679 645 699 our
665 669 746 708 privy
762 668 915 706 Couniell,
929 670 969 698 do
984 669 1090 709 hereby
1108 678 1152 698 re-

91 714 187 750 voke,
205 710 305 747 recall,
323 709 378 740 and
392 709 545 749 absolutely
559 708 715 739 determine
731 708 780 738 the
793 707 848 737 said
866 706 1062 737 Commiffion
1072 729 1082 745 ‚
1099 706 1155 736 and

91 752 128 783 all
152 750 318 787 Duplicates
344 748 399 778 and
421 746 683 786 Exemplifications
705 746 821 776 thereos
833 756 839 775 :
858 745 1002 787 streightly
1019 746 1155 784 charging

91 789 147 820 and
162 787 408 826 commaunding,
427 786 486 817 that
501 786 608 816 neither
625 784 672 816 the
685 783 738 814 said
754 784 995 815 Commiffioners
1033 794 1086 814 nor
1101 794 1154 824 any

90 828 174 871 other
188 827 229 856 do
242 826 371 870 presume
383 826 463 870 from
480 825 527 856 the
545 832 625 861 ryme
640 823 679 853 of
675 822 855 890 gublissaing
875 823 912 853 of
923 823 976 854 this
993 807 1157 866 Proclama-

91 861 1156 944 {¹5:¹22’0‘r⁰ss¹3<¹}{n¹{‚¹1{353353⁰?hssssoissnen01⁰ss“ikffissfazoe‘i'sspssninss‘ifflg

92 943 133 981 by
148 943 243 974 reason
259 953 294 973 or
316 943 419 972 coulor
444 940 562 972 thereos
573 961 583 976 ,
603 948 685 982 upon·
718 947 787 977 ayne
803 938 840 968 of
851 948 904 969 our
919 938 1009 982 heavy
1024 938 1158 982 indigna-

92 982 156 1011 tion
173 981 229 1012 and
243 979 438 1019 Displeasure,
456 978 511 1009 and
525 978 595 1009 such
613 977 696 1008 Punil
723 985 803 1008 ment
824 987 854 1008 as
877 986 942 1016 may
958 977 1043 1017 Justly
1060 977 1097 1007 be
1113 981 1158 1007 iri-

94 1020 191 1050 flirSted
206 1021 251 1050 for
267 1020 296 1050 so
310 1020 378 1057 high
391 1029 406 1048 a
423 1017 596 1060 Contempt.

132 1057 336 1089 Nevertheless
348 1066 370 1087 it
387 1057 408 1086 is
425 1066 477 1086 our
493 1056 566 1086 Will
581 1054 636 1085 and
651 1054 797 1092 Pleasure,
815 1054 875 1085 that
888 1053 923 1084 all
939 1052 1159 1096 Mayors2She-

94 1097 155 1127 riffs
170 1121 180 1135 ,
202 1096 319 1136 Justices
340 1096 376 1126 of
393 1096 505 1133 Peace,
524 1093 712 1132 Constables,
728 1093 782 1123 and
797 1093 833 1123 311
847 1093 931 1124 other
945 1103 998 1123 our
1015 1093 1159 1129 Officers,

62 1150 69 1157 ·
94 1136 201 1167 within
214 1136 284 1166 their
297 1134 398 1164 several
413 1134 525 1164 Offices
542 1132 597 1162 and
610 1132 808 1170 jurisdifflons
828 1131 1010 1171 respectively
1026 1154 1036 1170 ,
1062 1131 1081 1150 ²*
1102 1130 1161 1160 doe

90 1176 167 1206 with
179 1174 213 1204 all
226 1174 281 1204 due
296 1182 360 1203 care
377 1174 430 1202 and
444 1173 601 1210 diligence‚
616 1170 743 1202 advance
754 1170 809 1200 and
825 1170 933 1200 further
954 1171 1005 1200 the
1022 1169 1077 1199 laid
1091 1178 1160 1199 aun-

95 1214 168 1245 tient
180 1212 235 1243 and
253 1211 475 1242 commendable
492 1209 621 1241 Exercise
642 1209 682 1239 of
701 1209 831 1246 Archery
855 1209 909 1238 and
924 1209 973 1238 the
988 1209 1043 1239 due
1060 1217 1163 1238 execu-

96 1253 160 1283 tion
177 1251 214 1281 of
225 1251 271 1282 the
291 1250 345 1280 said
371 1250 478 1281 Statute
492 1272 502 1287 ‚
521 1249 654 1286 whereby
668 1247 787 1278 idleness
803 1247 859 1277 and
874 1246 1020 1277 unlawfull
1034 1246 1162 1289 Games,

96 1291 154 1322 and
170 1299 254 1328 many
276 1298 431 1320 enormous
446 1288 532 1319 Vices
545 1286 660 1326 ariseing
677 1287 795 1325 thereby
811 1308 821 1323 ‚
840 1294 904 1325 may
917 1287 954 1315 be
973 1285 1114 1324 repressed
1131 1292 1163 1315 to

89 1330 147 1361 ·the
160 1327 269 1367 general
288 1327 371 1368 good
385 1328 423 1357 of·
431 1336 484 1357 our
501 1325 682 1363 Kingdome.

133 1367 201 1398 And
225 1368 286 1397 that
306 1370 326 1397 it
352 1375 417 1404 may
438 1374 557 1402 appeare
576 1365 647 1393 how
669 1362 758 1392 much
775 1361 854 1392 Wee
877 1362 982 1393 abhorr
999 1362 1053 1393 and
1072 1361 1162 1393 detest

97 1406 187 1437 theise
203 1407 298 1435 abuses
312 1405 414 1435 which
427 1404 502 1434 *have
518 1403 590 1433 been
603 1400 774 1431 committed
788 1409 819 1430 to
832 1401 880 1431 the
894 1403 1046 1440 greivance
1059 1402 1097 1432 of
1109 1411 1163 1432 our

97 1445 231 1483 Subjetsts
241 1467 251 1482 ‚
270 1445 308 1482 by
320 1444 438 1480 abusing
454 1442 502 1471 the
517 1441 572 1470 said
580 1438 802 1477 Comm'ffion,
819 1438 884 1469 Our
897 1441 1004 1471 further
1014 1440 1089 1471 Will
1104 1440 1160 1471 and

98 1483 226 1515 Pleasure
238 1485 278 1520 is,
297 1483 375 1511 That
389 1481 424 1511 all
442 1489 495 1509 our
506 1478 629 1517 Judges,
643 1477 764 1516 Justices
779 1477 815 1507 of
828 1478 917 1509 Peace
930 1501 940 1517 ‚
959 1479 1015 1509 and
1033 1480 1116 1510 other
1131 1479 1168 1509 of

99 1532 156 1551 our
171 1520 295 1550 Officers
316 1518 370 1549 and
395 1517 540 1547 Ministers
560 1526 593 1547 to
612 1522 715 1547 whom
739 1518 761 1546 it
774 1516 846 1547 doth
861 1527 894 1547 or
909 1527 970 1557 may
986 1519 1163 1557 appertaine,

97 1560 156 1590 doe
172 1568 249 1596 upon
264 1556 423 1594 complaint
439 1557 521 1586 made
535 1578 544 1594 ‚
571 1555 608 1585 of
617 1565 670 1595 any
686 1556 735 1585 the
749 1554 889 1586 Offences
912 1566 946 1586 or
962 1556 1066 1586 Abuses
1081 1566 1164 1586 com-

98 1600 200 1628 mitted
225 1597 263 1635 by
286 1597 376 1625 cullor
399 1595 437 1625 of
455 1596 502 1625 the
524 1595 578 1624 laid
601 1592 800 1624 Commiffion
814 1618 824 1631 ‚
844 1603 895 1625 not
909 1595 977 1633 only
994 1595 1095 1633 punish
1112 1596 1163 1625 the

99 1636 292 1672 Delinquents
308 1657 318 1673 ,
343 1635 394 1663 bur
414 1634 478 1671 give
497 1633 565 1663 such
590 1632 706 1671 remedy
733 1631 789 1661 and
816 1633 919 1664 redress
939 1641 970 1664 to
993 1635 1041 1665 the
1057 1633 1162 1665 Parties

90 1675 216 1712 *greived
227 1682 259 1703 as
273 1681 305 1703 to
321 1671 393 1702 Law
407 1671 463 1702 and
473 1671 582 1710 Justice
598 1670 664 1701 shall
683 1671 851 1709 appertaine.

126 1750 257 1828 fxilqitm}
271 1760 323 1781 our
336 1748 400 1780 selfe
413 1756 442 1780 at
461 1747 636 1788 Welbminsber
651 1770 661 1786 ‚
686 1747 735 1779 the
752 1748 853 1780 Three
866 1748 925 1779 and
941 1748 1092 1781 twentieth
1110 1747 1163 1789 day

92 1796 124 1821 ὀ
183 1800 233 1826 ugit
260 1812 266 1818 .

788 1856 842 1896 Per
858 1865 942 1905 ipsum
956 1867 1062 1904 Regem.

91 1994 266 2037 'Commissz'o
301 1993 440 2041 Specialis
473 2004 527 2040 pro
552 1992 697 2028 Henrico
737 1993 819 2027 Fane
843 1993 954 2026 Milite
980 1991 1017 2026 de
1045 1993 1167 2029 Foedere

368 2041 566 2087 confirmando
584 2053 654 2076 cum
670 2045 749 2088 Rege
782 2041 895 2075 Danie.

1193 638 1329 661 tourment
1350 633 1383 660 de
1405 642 1452 661 nos
1470 631 1535 661 bons
1558 632 1651 667 Sujets
1667 653 1676 668 ‚
1700 642 1764 660 nous
1785 634 1924 672 abolffims
1941 658 1950 673 ‚
1979 636 2011 665 de
2024 636 2109 666 l'avis
2122 643 2154 666 a'e
2168 646 2248 668 notre

1194 668 1407 709 Conseil—Prive‘
1419 692 1428 708 ,
1453 669 1492 704 ῤ’
1512 679 1577 699 nous
1598 671 1759 712 re‘voquons,
1773 670 1811 705 ὠ,
1830 676 1970 710 abrogeons
1991 675 2156 712 absolument
2177 676 2250 706 ladi—

1196 715 1224 737 te
1239 708 1421 748 Commiffi'on,
1440 716 1498 738 tous
1519 707 1562 746 ses
1577 706 1718 744 Duplicats
1733 716 1771 740 (εγ
1792 712 1880 747 Copies
1896 735 1906 749 ,
1924 720 1976 749 par
1995 713 2023 741 la
2040 714 2183 753 Prefi’nte:
2203 726 2249 744 or—

1195 747 1321 777 donnant
1334 745 1372 781 ὠ
1389 747 1576 776 commandant
1589 744 1793 784 expreſje‘ment,
1802 758 1852 787 que
1863 752 1892 777 ni
1908 749 1998 788 lesdits
2012 752 2203 791 Commtffizires
2219 757 2248 783 ni

1196 797 1312 816 aucunes
1327 793 1419 815 autres
1428 785 1571 825 personnes
1588 796 1621 814 ne
1634 783 1800 821 s'ingerent‚
1820 786 1897 822 apre‘s
1913 787 1942 815 la
1955 788 2117 825 publication
2135 793 2166 821 de
2180 799 2251 821 cette

1196 824 1398 854 Proclamation
1411 846 1421 862 ,
1447 824 1606 854 d’exe‘curer
1625 822 1712 852 ladite
1739 823 1901 867 Commiffion
1926 829 1954 854 ni
1973 825 2018 864 fiu-
2039 828 2198 867 Duplicats,
2222 833 2253 860 m*

1198 863 1219 892 d
1224 863 1311 893 ’entre
1328 863 1425 892 rendre
1440 873 1542 893 aucune
1556 860 1630 900 chose
1645 872 1694 901 que
1716 872 1742 890 ce
1751 860 1811 898 fiit
1820 865 1884 899 sous
1897 873 1922 891 ce
1933 868 2074 904 pretate,
2093 867 2111 895 a
2126 872 2200 904 peine
2219 862 2252 897 de

1198 908 1275 931 notre
1298 872 1416 940 tfisjgrace
1440 901 1478 936 ὠ,
1502 902 1534 930 de
1559 901 1609 930 tels
1623 908 1717 929 autres
1731 899 1882 930 chatimens
1895 902 1974 939 qu'on
1985 910 2084 939 pourra
2099 904 2204 944 infliger
2221 917 2253 936 a·

1199 951 1249 969 vec
1257 940 1349 979 justice
1356 948 1424 978 pour
1439 952 1476 970 un
1481 940 1511 981 fi
1519 940 1613 978 grand
1622 938 1733 970 de'dain.
2251 939 2255 942 ’

1237 1056 1315 1085 Nous
1329 1066 1420 1086 avons
1440 1055 1458 1085 ἃ
1475 1058 1527 1095 gre‘
1546 1059 1703 1087 ne‘anmoins
1728 1053 1766 1090 &
1781 1065 1846 1085 nous
1870 1054 1983 1085 voulons
1999 1056 2060 1086 bien
2073 1069 2127 1099 gque
2142 1066 2202 1090 tous
2219 1057 2260 1090 Ies'·

1202 1096 1311 1122 Maires
1328 1117 1337 1132 ,
1364 1094 1469 1133 Sherif}
1484 1116 1493 1132 ‚
1520 1095 1603 1132 Juges
1625 1095 1657 1124 de
1678 1096 1772 1130 Paix,
1791 1095 1985 1133 CommiJJaires
2001 1093 2046 1124 des
2059 1097 2204 1134 Quartiers
2219 1097 2258 1132 &-

1203 1138 1262 1160 tous
1280 1143 1326 1161 nos
1341 1141 1433 1162 autres
1449 1132 1572 1172 Officiers
1587 1134 1655 1162 dans
1673 1132 1744 1162 leurs
1762 1132 1855 1162 divers
1870 1132 1976 1172 emplois
1991 1132 2030 1168 (θ’
2046 1135 2242 1172 Jurisdidiions
2252 1159 2262 1175 ‚

1198 1170 1320 1210 pouffint
1335 1183 1404 1201 avec
1419 1179 1478 1201 tout
1496 1171 1520 1201 le
1530 1173 1592 1211 soin
1610 1171 1647 1206 ὠ
1665 1170 1693 1200 la
1716 1170 1841 1208 diligence
1862 1179 1903 1201 cet
1927 1175 2043 1201 exercice
2056 1176 2150 1202 ancien
2167 1174 2202 1207 ᾧ·
2220 1186 2262 1203 re-

1203 1210 1405 1239 commandable
1428 1211 1461 1239 de
1485 1214 1553 1240 tirer
1572 1211 1605 1239 de
1626 1209 1789 1246 l'arhalfite,
1815 1209 1853 1244 ὠ·
1876 1210 2033 1241 l'exe‘cution
2057 1211 2135 1240 dudit
2148 1215 2263 1250 Statut,

1199 1257 1253 1286 par
1267 1250 1299 1277 oic
1314 1248 1341 1277 la
1351 1247 1525 1287 faineantise
1541 1247 1578 1283 &⁶
1595 1248 1631 1278 les
1639 1249 1710 1286 jeux
1723 1247 1832 1277 illicites
1848 1246 1886 1282 όν
1905 1249 2032 1287 beaucoup
2052 1249 2085 1279 de
2101 1253 2172 1279 vices
2187 1253 2265 1280 (nor-

1203 1298 1257 1316 mes
1264 1295 1398 1324 pourront
1413 1287 1471 1317 Atre
1478 1288 1626 1326 supprimes
1644 1298 1680 1316 au
1697 1286 1758 1316 bien
1769 1286 1885 1324 general
1895 1287 1928 1316 de
1941 1295 2021 1318 notre
2037 1291 2077 1317 Ro
2074 1299 2181 1327 ywme,

1240 1366 1282 1394 Et
1297 1363 1356 1404 afin
1382 1363 1451 1405 qu'il
1467 1363 1578 1402 parozffi‘
1603 1363 1718 1394 combien
1733 1374 1797 1393 nous
1810 1374 1899 1394 avons
1911 1375 1944 1395 en
1956 1364 2067 1394 horreur
2085 1361 2124 1397 ό·
2139 1364 2270 1403 de‘tellons

1204 1414 1245 1433 ces
1262 1402 1328 1432 abus
1353 1407 1398 1444 qui
1419 1411 1469 1433 ont
1492 1406 1538 1432 cfte‘
1550 1406 1655 1432 commis
1675 1413 1710 1431 au
1725 1402 1860 1440 prejudice
1876 1403 1908 1432 de
1926 1415 1974 1433 nos
1991 1403 2098 1441 Sujets‚
2117 1414 2151 1433 en
2161 1403 2270 1442 faifhnt

1207 1453 1245 1472 un
1263 1445 1392 1472 mauvais
1413 1442 1489 1480 usage
1511 1441 1544 1470 de
1561 1448 1631 1470 cette
1651 1441 1815 1480 Commiffion
1833 1463 1843 1478 ,
1872 1452 1937 1471 nous
1954 1441 2068 1471 voulons
2086 1452 2136 1481 que
2150 1449 2210 1472 tous
2223 1453 2272 1472 nor

1205 1480 1309 1519 Juge5‚
1327 1480 1415 1518 Juges
1431 1481 1463 1510 de
1477 1482 1550 1509 Paix
1564 1479 1601 1513 όν
1621 1490 1668 1509 nos
1688 1488 1780 1509 autres
1794 1478 1915 1517 Offi'ciers
1940 1480 1978 1515 ῤ’
1996 1481 2136 1519 Ministres
2148 1481 2166 1510 d
2185 1484 2232 1521 qui
2248 1479 2272 1510 il

1204 1519 1399 1558 appartiendra
1408 1542 1417 1558 ‚
1437 1526 1519 1556 nyent
1528 1529 1582 1548 non
1589 1518 1741 1556 seulement
1758 1518 1775 1547 ἂ
1784 1522 1869 1556 punir
1879 1541 1888 1555 ‚
1899 1518 1952 1557 sur
1965 1518 2002 1548 les
2012 1518 2130 1556 plaintes
2145 1530 2191 1558 qut
2208 1518 2269 1549 leur

1201 1559 1295 1597 seront
1305 1559 1409 1597 porte'es
1425 1581 1433 1596 ‚
1457 1557 1495 1587 les
1509 1557 1671 1597 de'linquans
1692 1557 1737 1586 dex
1749 1556 1849 1596 fantes
1869 1557 1907 1591 &-
1932 1558 1975 1586 a'es
1993 1557 2058 1586 abus
2073 1556 2152 1597 qu'ils
2164 1564 2269 1588 aurunt

1206 1601 1309 1626 commis
1323 1596 1386 1635 sous
1409 1597 1496 1626 ombre
1519 1596 1551 1625 de
1565 1595 1650 1626 [adite
1667 1595 1830 1634 Commtffion
1839 1618 1849 1633 ,
1865 1599 1932 1624 mais
1948 1607 2038 1625 encore
2053 1596 2074 1625 d
2083 1597 2107 1635 'y
2118 1603 2211 1633 porter
2230 1595 2274 1626 tel

1204 1635 1307 1666 remede
1332 1635 1372 1712 &st
1386 1635 1489 1665 donner
1504 1633 1567 1665 telle
1581 1632 1758 1672 sthsfaHion
1773 1644 1830 1664 aux
1840 1637 1947 1673 parties
1967 1633 2044 1673 lese‘es
2059 1634 2129 1674 qu‘il
2141 1638 2273 1665 convien-

1205 1675 1257 1705 dra
1270 1685 1303 1704 en
1314 1685 1349 1712 ju
1374 1678 1419 1703 ice.

1242 1751 1362 1782 Te‘moins
1379 1748 1555 1781 nous-me'mes
1568 1749 1588 1779 εὶ
1600 1749 1802 1781 Westminster
1810 1772 1820 1788 ‚
1835 1748 1861 1779 Ie
1876 1749 2102 1790 vingt-troisz'eme
2114 1749 2235 1782 d’Aofit.

1863 1864 1918 1896 Per
1935 1864 2026 1903 ipsum
2043 1865 2170 1906 Regem.

1208 2000 1286 2026 turos
1299 2017 1308 2032 ,
1337 2002 1455 2032 nunque
1475 2001 1623 2030 nunquam
1647 1998 1746 2022 contra
1769 1990 1894 2030 ipsorum
1908 1990 2011 2029 aliquid
2028 1989 2073 2020 vel
2092 1989 2184 2029 aliqua
2200 1999 2275 2023 cori.

1207 2041 1383 2064 traventuros
1399 2054 1410 2070 ,
1432 2032 1500 2070 quin
1527 2031 1620 2068 potius
1638 2028 1772 2068 quicquid
1784 2053 1796 2066 .,
1819 2030 1940 2060 nomine
1959 2028 2057 2059 nostro
2071 2052 2080 2066 ‚
2103 2031 2276 2067 promissum

1210 2071 1308 2110 fuerit,
1326 2072 1360 2103 ὃς
1380 2070 1581 2102 inviolabiliter
1598 2068 1799 2100 observaturos
1818 2069 1852 2099 ὃς
1869 2077 2026 2099 curaturos,

2 2151 31 2172 ῃ,
46 2128 364 2190 D,CARQLUS
386 2127 450 2159 D&
468 2130 554 2168 gmt52
569 2151 580 2167 5
607 2130 712 2166 Magne
734 2129 885 2172 Britannie
901 2151 911 2166 a
931 2130 1045 2174 Frdnfie
1059 2128 1099 2173 &j
1114 2131 1169 2160 Hi·
1247 2134 1283 2166 In
1310 2135 1389 2165 cu'us
1409 2135 1448 2164 rei
1465 2130 1683 2176 Testimonium
1712 2130 1793 2175 hasce
1814 2129 1920 2174 Literas
1946 2130 2012 2175 fieri
2025 2141 2168 2175 manuque
2183 2132 2278 2164 nostra

0 2181 61 2215 321·
92 2208 95 2212 Ι
184 2167 274 2236 senape
303 2167 395 2236 Rei'sse’
407 2166 908 2237 {ggiepegffighrer’ir‘igtcC'Sffussle‘ihbus
926 2168 960 2199 ὅ(
984 2167 1106 2207 Singulis
1133 2168 1168 2200 ad
1210 2174 1324 2214 {ignaras
1343 2144 1456 2212 Magno
1471 2172 1569 2211 Regni
1584 2168 1675 2201 nostri
1692 2168 1796 2206 Anglie
1815 2168 1914 2207 Sigillo
1932 2179 2037 2200 muniri
2057 2170 2188 2201 fecimus.

0 2228 79 2287 :agbt
93 2215 330 2288 *qugsqgegffiiels
345 2246 435 2287 magis
457 2216 607 2289 ‘conflucat
630 2244 669 2289 ad
692 2229 748 2274 D’ei
773 2227 970 2282 Omnipotentis
995 2243 1170 2289 Honorem,
1248 2251 1317 2290 Qe
1333 2249 1470 2280 dabantur
1488 2250 1517 2280 in
1536 2247 1645 2292 Palatio
1663 2245 1762 2289 nostro
1789 2244 2121 2315 Wstmvnlzllerienfidie
2140 2241 2277 2292 vicesimo

0 2301 82 2324 esPro-
104 2281 245 2327 Cri-stiane
270 2283 396 2314 heclelie
422 2283 537 2322 Reique
555 2283 674 2321 publice
692 2282 838 2320 Salutem,
853 2290 940 2320 atque
958 2283 1039 2314 Pacis
1057 2285 1172 2325 conser-
1209 2289 1386 2329 Septembris,
1406 2289 1494 2319 Anno
1514 2285 1603 2317 Cristi
1623 2286 1702 2353 supra
1723 2284 1902 2315 millelimum
1933 2287 2153 2316 excentelimum
2166 2307 2177 2324 ,
2195 2294 2279 2318 trice-

0 2345 24 2363 n.
46 2345 84 2365 m·

93 2331 250 2353 ,vationem
266 2344 276 2359 ‚
301 2332 390 2361 quam
406 2330 438 2352 ut
457 2321 594 2353 Cristiani
614 2321 793 2359 Monarche‚
812 2331 878 2352 vere
895 2320 960 2352 fidei
979 2321 1171 2362 Defensores,

101 2361 178 2391 inter
203 2362 229 2392 se
256 2364 290 2392 ὃς
308 2362 372 2392 suos
390 2360 545 2399 Subditosv,
565 2370 626 2391 non
642 2360 737 2391 solum
756 2360 923 2391 Amicitiam
942 2360 1057 2399 colant,
1075 2363 1121 2393 sed
1142 2373 1173 2394 e-

98 2400 171 2434 tiam
189 2401 309 2430 eandem
329 2399 494 2430 firmissimis
509 2399 628 2431 vinculis
646 2398 847 2436 confirmene,
872 2400 934 2437 quo
964 2400 1054 2430 vitam
1080 2400 1174 2441 Regi-

98 2438 162 2470 bus
178 2439 300 2476 dignam
319 2439 547 2476 ducentes,>tam
565 2439 626 2468 veri
647 2436 706 2468 Dei
724 2436 866 2475 Cultum,
885 2437 1029 2475 publicam
1047 2440 1174 2478 quietem

104 2478 139 2508 &
168 2487 301 2508 mutuum
326 2476 497 2516 Regnorum
522 2476 769 2516 Subditorumque
793 2476 988 2507 commodum
1013 2487 1175 2515 promove-

97 2523 174 2552 ant,
193 2525 258 2546 turn
273 2515 456 2546 Communes
475 2515 508 2553 (si
524 2516 573 2554 qui
590 2514 664 2552 sunt)
686 2513 782 2545 hostes
796 2536 807 2553 ,
824 2515 858 2546 &
876 2513 956 2545 Pacis
974 2516 1089 2553 publice
1104 2517 1174 2549 Per-

106 2554 269 2585 turbatores
286 2576 296 2591 ,
321 2554 454 2591 repellant
469 2577 479 2593 ⁷
496 2554 668 2592 Pacemque
686 2552 848 2591 restituant3
870 2553 938 2583 Nos
954 2555 1120 2587 turbulento
1139 2557 1173 2587 &

106 2593 266 2630 periculoso
294 2592 353 2623 hoc
378 2592 517 2623 Cristiane
545 2592 716 2630 Reipublice
744 2590 814 2622 statu
841 2591 948 2622 inducti
966 2615 977 2630 ,
997 2601 1082 2632 atque
1100 2597 1172 2626 certi

105 2630 322 2662 Serenisfimum
342 2631 506 2671 Principem
526 2631 693 2662 Dominum
713 2629 878 2669 Crtstianum
904 2631 1048 2669 Qartum
1078 2636 1172 2664 Danie

106 2668 241 2709 Regem,
259 2671 374 2700 fratrem
391 2669 424 2700 δε
443 2670 617 2701 avunculum
636 2669 768 2699 nostrum
785 2667 1001 2709 charissimum,
1019 2671 1118 2702 eadem
1136 2672 1173 2704 de

1213 2329 1285 2360 fimo
1304 2329 1418 2366 primo,
1434 2325 1586 2366 Regnique
1605 2326 1656 2355 noi
1673 2325 1695 2353 ri
1714 2323 1843 2362 septimo.

1533 2404 1587 2433 Per
1602 2400 1686 2442 ipsum
1701 2403 1797 2439 Regem
1805 2404 1919 2440 propria
1935 2411 2018 2431 manu
2027 2400 2174 2441 fignatum.

1218 2527 1379 2572 Commiffi'o
1395 2528 1533 2575 specialis
1553 2536 1607 2572 pro
1626 2525 1773 2559 Henrico
1790 2527 1869 2561 Fane
1888 2527 1997 2560 Milite
2014 2524 2058 2558 ad
2074 2525 2282 2560 TraHandum

1257 2582 1294 2617 ὠ·
1324 2575 1562 2610 Concludendum
1587 2573 1621 2607 de
1641 2573 1777 2618 firmiori
1801 2579 1881 2609 Pace
1908 2586 1976 2609 cnm
2006 2577 2083 2621 Rege
2102 2575 2222 2610 Sueciae
2243 2578 2280 2614 ὠ·

1261 2627 1328 2660 aliis
1342 2623 1531 2672 Principibus
1548 2622 1730 2657 Germanic.

107 2717 159 2746 re,
188 2711 247 2747 pari
270 2708 422 2739 nobiscum
437 2710 535 2739 animo
554 2708 610 2739 effe
628 2709 662 2740 &
681 2707 757 2738 sensu
768 2715 783 2745 ⁴,
806 2716 866 2737 non
890 2716 1000 2738 tantum
1020 2710 1172 2747 pristinum

112 2749 193 2785 quod
210 2749 282 2778 inter
301 2748 447 2787 optimum
465 2747 581 2785 Regem
598 2747 753 2778 Parentem
772 2744 906 2776 nostrum
924 2747 1094 2788 inclitiffime
1113 2759 1174 2780 me-

113 2787 207 2816 morie
232 2787 266 2818 &
284 2786 436 2824 prefatum
464 2785 677 2816 Sereniffimum
696 2787 789 2814 Danie
807 2783 921 2823 Regem
940 2787 994 2817 ruit
1011 2788 1103 2818 ictum
1122 2788 1176 2819 Fe-

111 2824 192 2862 dus,
216 2825 288 2854 inter
313 2834 366 2854 nos
392 2824 554 2863 nostrasque
578 2823 709 2854 Coronas
727 2824 924 2854 renovandum
939 2846 948 2861 ‚
974 2835 1073 2856 verum
1091 2828 1176 2858 etiam

112 2862 268 2893 areciorem
292 2862 459 2893 Amicitiam
492 2865 525 2895 ὅ(
552 2862 829 2894 Confederationem
859 2860 1024 2895 firmiffimis
1050 2864 1176 2897 Vinculis

1219 2713 1317 2776 CA
1327 2715 1351 2742 R
1362 2714 1386 2741 Ο
1399 2713 1488 2741 LUS
1514 2709 1573 2740 Dei
1591 2709 1676 2749 gratia
1692 2732 1701 2747 ‚
1731 2712 1835 2747 Magne
1859 2712 2029 2747 Britannie‚
2047 2712 2160 2740 Francie
2175 2710 2214 2746 ὠ·
2228 2713 2283 2740 Hi·
2303 2706 2379 2737 Arm.
2391 2704 2437 2737 DJ

1297 2751 1386 2781 bernie
1404 2749 1469 2780 Rex
1483 2772 1493 2787 ‚
1522 2748 1588 2779 fidei
1611 2747 1751 2779 Defensor
1768 2771 1777 2786 ,
1803 2750 1865 2779 &c.
1893 2748 2040 2779 Omnibus
2056 2749 2089 2779 ὅ(
2105 2748 2228 2788 Singulis
2247 2750 2281 2780 ad
2322 2745 2411 2786 1631·

1216 2799 1290 2827 quos
1302 2789 1439 2828 presentes
1458 2788 1496 2819 he
1517 2787 1611 2818 Litere
1630 2788 1810 2825 pervenerint
1821 2809 1830 2824 ‚
1846 2786 1981 2817 Salutem.
2340 2790 2397 2812 Rot.

1255 2828 1336 2859 Cum
1356 2827 1415 2858 Dei
1431 2836 1473 2857 ter
1494 2826 1609 2856 maximi
1627 2826 1733 2863 optimi
1753 2825 1849 2855 honor
1864 2848 1873 2862 ‚
1897 2834 1982 2863 atque
2002 2824 2140 2854 Cristiane
2158 2824 2286 2855 Ecclefie
2305 2824 2423 2850 Tradat.'

1219 2868 1253 2899 &
1272 2866 1446 2905 Reipublice
1460 2864 1545 2903 salus,
1563 2865 1701 2902 requirat,
1728 2872 1757 2893 ut
1777 2864 1937 2893 Monarche
1954 2865 1988 2894 ὃς
2005 2863 2148 2901 Principes
2164 2862 2282 2895 Cristia-
2303 2862 2436 2898 penesl’rasj

114 2900 363 2941 constringendam
381 2900 521 2931 duximus.

152 2938 240 2978 Igitur
265 2939 362 2970 Sciatis
382 2939 461 2978 quod
479 2949 532 2969 nos
546 2962 555 2976 ‚
579 2938 746 2977 prudentia,
762 2938 896 2972 fidelitate
913 2941 946 2973 ὃς
965 2941 1101 2974 industria
1120 2946 1177 2976 viri

114 2978 253 3016 Nobilis,
268 2977 426 3017 Nobisque
442 2977 530 3008 fidelis
545 2979 578 3010 ὃς
597 2977 743 3014 ρῑεάἰὶείὶί
766 2980 879 3008 Henrici
902 2982 980 3009 Fane
1003 2980 1109 3018 Equitis
1129 2994 1178 3014 au-

116 3018 184 3054 rati,
202 3027 218 3047 a
236 3017 434 3048 SanCtioribus
453 3015 554 3046 nostris
572 3015 722 3053 contiliis,
739 3024 826 3053 atque
845 3016 962 3048 Domus
982 3019 1079 3050 nostre
1094 3020 1178 3051 Con-

115 3055 335 3092 trarotulatoris,
355 3056 509 3093 plurimum
527 3054 643 3091 confisi,
659 3054 748 3092 ipsum
763 3057 912 3085 Henricum
926 3058 1031 3086 Fanum
1046 3059 1178 3090 nostrum

116 3103 218 3125 verum
237 3095 271 3125 ὃς
296 3094 485 3124 indubitatum
500 3092 754 3131 Commissarium,
773 3092 930 3132 Legatum,
950 3094 1177 3128 Procuratorem

117 3134 152 3165 &
176 3132 358 3170 Deputatum
385 3132 506 3163 fecimus
522 3154 533 3169 ,
558 3132 752 3164 ordinavimus
778 3133 811 3162 &
836 3132 1054 3172 deputavimus,
1078 3145 1112 3166 ac
1129 3147 1179 3174 per

115 3171 253 3211 presentes
271 3172 407 3208 facimus,
427 3171 590 3200 ordinamus
608 3180 642 3201 ac
659 3170 835 3208 deputamus.

153 3209 262 3241 Dantes
281 3208 374 3239 eidem
398 3210 431 3239 &
456 3210 673 3239 committentes
690 3208 802 3248 plenam
821 3212 854 3242 &
870 3211 1072 3242 omnimodam
1093 3212 1180 3245 Pote-

115 3247 219 3279 statem
238 3250 272 3280 δε
291 3247 506 3279 Αυξῒοτίωῑεῐη
520 3269 530 3285 ,
553 3248 652 3285 pariter
676 3257 709 3278 ac
729 3247 901 3280 Mandatum
919 3251 1048 3289 generale
1066 3253 1099 3283 ὃ(
1117 3251 1177 3290 spe-

115 3287 185 3317 ciale
200 3309 210 3326 ,
236 3288 359 3318 nomine
378 3286 480 3316 nostro
498 3307 508 3323 ,
534 3294 603 3316 cum
626 3285 734 3323 prefato
753 3289 846 3318 Danie
870 3287 955 3327 Rege
982 3290 1124 3320 avunculo
1143 3293 1177 3323 δε

114 3325 200 3356 fratre
227 3325 327 3356 nostro
353 3323 518 3356 charissimo
531 3346 541 3362 ,
566 3323 701 3362 ipsiusque
721 3323 930 3356 Commissariis
943 3348 952 3363 ‚
978 3327 1128 3365 Deputatis
1145 3332 1179 3362 δε

115 3363 356 3395 Procuratoribus
382 3363 417 3394 ad
445 3363 502 3394 hoc
526 3363 717 3393 sufficientem
734 3364 905 3400 potestatem
921 3366 1090 3397 habentibus
1104 3392 1113 3405 ‚
1141 3370 1178 3400 de

115 3402 151 3433 &
172 3402 250 3440 super
274 3404 353 3433 dieto
380 3401 473 3432 federe
500 3401 665 3432 renovando
681 3424 691 3438 ‚
716 3409 801 3439 atque
825 3402 959 3434 Arctiore
982 3404 1118 3437 Amicitia
1143 3408 1176 3438 ὅ(

116 3440 359 3472 Confederatione
387 3441 461 3471 inter
486 3450 539 3470 nos
563 3440 597 3471 ὃς
622 3439 781 3478 predictum
799 3440 930 3472 nostrum
948 3445 1123 3475 avunculum
1143 3448 1177 3478 &

113 3480 228 3510 fratrem
242 3504 252 3518 ,
280 3478 443 3517 nostrasque
468 3477 601 3509 Coronas
625 3477 804 3517 mentumis,
829 3479 976 3511 utilissimis
999 3483 1033 3512 ὃς
1053 3485 1177 3514 maxime

113 3519 358 3550 convenientibus
384 3518 517 3548 Articulis
541 3518 576 3549 δε
600 3515 825 3548 conditionibus
851 3518 1014 3550 stabilienda
1043 3522 1076 3551 δε
1103 3532 1177 3552 cori-

115 3556 279 3595 stringenda
295 3582 304 3595 ,
331 3556 596 3594 Communicandi,
623 3555 797 3593 Trafflindi,
814 3556 1018 3589 Conveniendi
1038 3561 1071 3591 δε
1091 3559 1176 3590 Con-

115 3595 251 3627 cludendi
265 3621 275 3634 ‚
304 3595 463 3632 Ceteraque
486 3595 584 3625 omnia
602 3594 636 3625 &
654 3594 758 3632 singula
773 3595 895 3626 faciendi
912 3620 922 3633 ,
942 3607 997 3635 que
1015 3598 1049 3627 ad
1068 3597 1175 3629 dietam

111 3635 294 3666 arctissimam
315 3633 587 3665 Confeuerationem
612 3634 646 3664 &
674 3633 838 3664 Amicitiam
856 3635 928 3665 inter
944 3645 996 3665 nos
1014 3636 1177 3674 nostrasque

115 3672 246 3705 Coronas
265 3675 298 3704 &
316 3673 455 3703 Subdiros
474 3672 575 3702 faciant
590 3672 624 3703 δε
642 3671 807 3702 conducant
820 3695 830 3709 ,
855 3681 938 3710 arque
957 3674 1036 3711 super
1054 3676 1099 3712 iis,
1121 3677 1176 3705 Ar-

116 3711 218 3742 ticulos
233 3735 243 3751 ,
270 3713 378 3743 Literas
401 3713 435 3743 &
451 3709 639 3740 Instrumenta
657 3710 809 3742 necessaria
824 3711 1013 3750 conficiendi,
1033 3714 1066 3744 ὃς
1083 3715 1119 3744 ab
1138 3714 1177 3744 al-

116 3756 175 3780 tera
192 3759 270 3788 parte
288 3751 401 3788 petendi
421 3751 454 3779 &
473 3749 647 3787 recipiend13
674 3747 808 3787 Denique
825 3752 921 3780 omnia
939 3760 970 3780 ea
989 3761 1044 3789 que
1062 3752 1096 3782 ad
1114 3763 1175 3791 pre-

118 3787 200 3818 missa
214 3790 260 3820 vel
278 3791 353 3820 circa
371 3790 469 3819 eadem
489 3796 570 3819 erunt
587 3786 738 3817 necessaria
756 3790 789 3818 δε
803 3798 966 3827 opportuna
983 3791 1122 3829 capiendi.

158 3824 360 3859 Promittentes
379 3830 454 3858 bona
471 3826 525 3858 fide
541 3828 574 3858 &
593 3826 623 3855 in
642 3826 734 3855 verbo
754 3825 870 3864 Regio,
890 3837 942 3857 nos
957 3830 1056 3858 omnia
1073 3830 1105 3859 &
1122 3830 1175 3860 sin-

118 3864 183 3904 gula
202 3886 211 3901 ‚
230 3875 286 3902 que
300 3888 310 3904 ‚
337 3868 409 3897 inter
428 3867 539 3897 dietum
560 3864 746 3895 Avunculum
763 3865 794 3894 ὅτ
813 3864 930 3896 fratrem
951 3866 1080 3898 nostrum
1100 3868 1179 3899 Cha—

119 3902 259 3933 riffimum
277 3904 487 3936 Sereniffimum
506 3907 599 3935 Danie
620 3902 753 3940 Regem,
771 3903 882 3940 ejusque
900 3904 1100 3936 Procuratores
1116 3906 1179 3937 De-

119 3951 232 3981 putatos
249 3950 296 3971 aut
314 3943 547 3981 Conimiffarios,
565 3951 650 3980 atque
668 3942 898 3978 prenominatum
921 3942 1057 3980 Equitem
1078 3946 1180 3974 Henri-

122 3992 182 4011 cum
205 3983 310 4010 Fanum
333 3982 463 4012 nostrum
482 3982 624 4019 Legatum
646 3981 678 4011 ὅτ,
697 3980 916 4010 Procuratorem
932 3982 959 4010 in
979 3983 1116 4020 premissis
1134 3983 1179 4013 seu

124 4020 327 4057 premiss'orum
345 4018 443 4057 aliquo
459 4043 470 4057 ‚
489 4031 570 4051 erunt
590 4020 679 4055 faeta,
698 4019 778 4055 pacsta
797 4019 830 4048 &
846 4019 995 4056 conclusa,
1011 4030 1083 4058 rata,
1103 4030 1180 4058 grata

126 4060 161 4089 &
180 4058 261 4088 firma
279 4058 439 4095 habituros,
457 4059 597 4095 specialius
615 4057 787 4088 Mandatum
808 4057 840 4094 (si
853 4067 925 4095 opus
946 4057 1041 4095 fuerit)
1059 4060 1182 4098 daturos,

1218 2907 1266 2943 ni,
1285 2907 1344 2936 veri
1364 2905 1420 2935 Dei
1439 2903 1573 2934 Cultores
1592 2912 1713 2940 vereque
1732 2901 1797 2932 fidei
1814 2901 2001 2939 DefensoreQ
2021 2911 2079 2931 nori
2099 2901 2189 2932 solum
2203 2904 2280 2940 piam
2299 2900 2370 2928 than.

1219 2946 1291 2975 inter
1316 2943 1369 2975 sese
1395 2941 1577 2979 subditosque
1603 2940 1665 2971 suos
1689 2940 1797 2970 Pacem
1814 2962 1824 2976 ‚
1844 2940 2008 2969 Amicitiam
2027 2940 2059 2969 ὃ(
2080 2938 2280 2971 Concordiam
2300 2950 2337 2968 m.
2359 2947 2402 2974 19.

1220 2984 1336 3019 colant,
1350 2989 1435 3018 atque
1450 2982 1538 3012 vitam
1558 2980 1656 3017 probis
1676 2978 1854 3015 Principibus
1872 2978 1990 3015 dignam
2009 2977 2043 3008 ὃς
2060 2978 2111 3017 ipsi
2128 2988 2210 3017 agant
2247 2982 2282 3011 ὃς

1221 3023 1293 3052 inter
1310 3020 1445 3051 Subditos
1465 3017 1588 3055 aliosque
1614 3025 1822 3055 promoveant,
1846 3025 1945 3047 verum
1971 3017 2055 3046 etiam
2075 3025 2105 3046 ut
2123 3018 2202 3048 aretii
2218 3020 2283 3048 imis

1220 3059 1342 3091 vicisfim
1361 3057 1570 3096 obstringamur
1589 3056 1627 3093 pii
1644 3055 1755 3085 Federis
1773 3055 1895 3085 vinculis
1910 3077 1920 3092 ‚
1945 3056 1993 3092 qui
2010 3077 2020 3093 ,
2034 3055 2140 3092 junctis
2160 3056 2191 3094 (si
2211 3067 2285 3094 opus

1220 3098 1263 3136 sit)
1285 3098 1408 3134 viribus,
1424 3104 1596 3126 communes
1618 3093 1649 3131 (si
1669 3094 1719 3131 qui
1737 3094 1920 3129 reperiantur)
1936 3093 2048 3131 hostes,
2067 3095 2099 3124 &
2111 3094 2187 3124 l’a:is
2206 3097 2285 3132 quie-

1220 3138 1310 3175 tisque
1329 3135 1442 3174 publice
1459 3133 1673 3164 Perturbatores
1692 3133 1845 3169 reprimant
1864 3154 1874 3169 ,
1901 3131 2014 3162 afflictis
2033 3133 2110 3162 orbis
2127 3132 2284 3164 Christiani

1220 3176 1342 3206 Statibus
1361 3175 1394 3205 ὃ(
1417 3171 1560 3202 Membris
1579 3170 1749 3208 consulant,
1768 3169 1930 3208 Pacemque
1948 3171 1981 3202 ὃς
1999 3170 2222 3209 Rempublicam
2241 3182 2285 3203 re-

1219 3213 1335 3244 stituant
1355 3214 1389 3242 ὃς
1408 3211 1556 3241 stabiliant.

1258 3253 1346 3292 igitur
1363 3251 1461 3281 Sciatis
1480 3249 1559 3288 quod
1577 3258 1628 3279 nos
1643 3271 1652 3286 ‚
1676 3246 1830 3284 probitate,
1850 3246 1906 3277 fide
1922 3246 1957 3278 &
1975 3248 2122 3284 prudentia
2140 3248 2193 3278 viri
2212 3247 2283 3280 No·

1220 3291 1299 3328 bilis,
1320 3290 1406 3320 fidelis
1419 3313 1427 3324 ,
1443 3289 1475 3319 &
1495 3288 1578 3318 nobis
1600 3285 1741 3325 prediletsti
1759 3288 1874 3315 Hem-ici
1891 3289 1964 3316 Fani
1980 3286 2088 3323 Equitis
2106 3287 2209 3324 aurati,
2227 3297 2283 3318 no-

1219 3331 1263 3360 bis
1281 3340 1296 3360 a
1319 3328 1455 3359 Consiliis
1475 3326 1668 3356 Sanetioribus
1682 3347 1691 3360 ‚
1719 3323 1890 3361 Domusque
1915 3323 2011 3354 nostre
2031 3323 2282 3357 Contrarotulato⁴

1217 3370 1279 3407 riis,
1299 3367 1380 3404 plene
1397 3364 1497 3396 confisi
1519 3389 1529 3402 ,
1553 3365 1643 3402 ipsum
1663 3365 1809 3393 Henricum
1826 3366 1935 3392 Fanum
1949 3384 1958 3399 ‚
1978 3361 2108 3392 nostrum
2128 3373 2229 3394 verum
2247 3367 2283 3397 δε

1218 3407 1406 3437 indubitatum
1427 3404 1586 3443 Legatum,
1605 3400 1841 3431 Commiffirium
1854 3423 1864 3438 ⁷
1883 3401 2103 3430 Procuratorem
2123 3403 2156 3432 &
2178 3402 2282 3440 Depu-

1218 3454 1309 3476 tatum
1329 3444 1449 3475 fecimus
1459 3465 1468 3480 ‚
1483 3441 1681 3472 constituimus
1700 3440 1733 3470 &
1749 3440 1962 3477 ordinavimus,
1977 3447 2060 3476 atque
2075 3448 2125 3478 per
2143 3441 2281 3478 presentes

1216 3485 1353 3520 facimus,
1368 3482 1536 3519 deputamus
1555 3481 1587 3510 &
1606 3478 1777 3509 ordinamus.

1254 3523 1364 3553 Dantes
1390 3520 1483 3549 eidem
1511 3519 1544 3548 ὅ(
1571 3518 1790 3547 committentes
1807 3523 1904 3545 tenore
1922 3514 2091 3552 presentium
2109 3516 2223 3555 plenam
2243 3518 2280 3549 &

1215 3559 1415 3593 omnimodam
1434 3556 1617 3592 facultatem,
1639 3555 1806 3593 potestatem
1825 3555 1858 3584 δε
1879 3554 2107 3593 Αυξῒοῐίῑειῐεῐη,
2124 3556 2225 3592 pariter
2243 3566 2280 3587 ac

1217 3599 1383 3630 mandatum
1402 3595 1528 3636 generale
1546 3604 1579 3625 ac
1599 3595 1734 3631 speciale,
1752 3591 1854 3622 nostro
1878 3592 1999 3621 nomine
2012 3615 2020 3629 ‚
2042 3602 2113 3622 cum
2132 3593 2279 3625 Sereniffi-

1216 3648 1267 3668 mo
1294 3637 1327 3667 ὃς
1355 3633 1554 3666 Potentiffimo
1582 3632 1714 3669 Principe
1740 3634 1778 3660 D.
1802 3629 1926 3668 Gustavo
1952 3629 2080 3668 Adolpho
2105 3634 2248 3662 Suecorum

1211 3675 1360 3706 Gothorum
1378 3672 1562 3704 Vandalorum
1582 3682 1612 3700 ue
1629 3673 1697 3708 Rege
1715 3670 1748 3699 &
1768 3668 1850 3698 fratre
1871 3671 1904 3699 ὃς
1925 3667 2145 3708 Consangnineo
2171 3670 2283 3706 nostrog

1215 3713 1408 3749 Chariffimo,
1427 3711 1540 3749 ejusque
1595 3708 1820 3744 rocuratoribus,
1840 3706 1990 3745 Deputatis
2005 3708 2039 3738 ὅ(
2059 3707 2279 3745 comminaris,

1216 3755 1249 3785 ad
1269 3754 1327 3783 hoc
1346 3750 1533 3781 sufficientem
1552 3747 1718 3786 potestatem
1734 3745 1901 3775 habentibus
1916 3768 1926 3784 ,
1946 3753 2030 3783 atque
2050 3755 2119 3775 curn
2137 3747 2194 3777 aliis
2206 3751 2278 3778 εἶεν,

1217 3795 1306 3823 manie
1324 3789 1503 3828 Principibus
1522 3810 1531 3825 ,
1557 3786 1678 3817 Staribus
1696 3787 1729 3815 &
1747 3782 1919 3814 Civitatibus
1932 3805 1942 3821 ,
1967 3793 2034 3813 cum
2056 3785 2163 3821 prefato
2181 3789 2276 3816 Sueto.

1215 3842 1275 3861 rum
1302 3829 1382 3866 Rege
1401 3851 1411 3865 ,
1434 3826 1540 3856 Federe
1565 3825 1609 3854 vel
1636 3824 1767 3853 Amicitia
1783 3830 1828 3851 aut
1843 3823 1948 3864 junctis
1964 3830 2012 3852 aut
2022 3822 2175 3862 jungendis
2192 3848 2201 3861 ,
2227 3835 2275 3858 aut

1215 3878 1283 3900 cum
1308 3876 1409 3898 eorum
1428 3861 1635 3895 Commiffiriis
1661 3864 1694 3893 &
1713 3860 1860 3898 Deputatis
1877 3860 2077 3890 Sufficientem
2099 3861 2274 3895 Potestatem

1216 3906 1415 3941 timentibus,
1431 3903 1467 3933 de
1486 3903 1518 3932 δε
1538 3904 1616 3938 super
1638 3900 1767 3930 Arctiore
1786 3897 2030 3928 confederatione
2055 3900 2088 3929 &
2117 3901 2273 3941 Amicitia,

1215 3941 1482 3977 communicandi,
1500 3939 1670 3975 Tradhmdss
1689 3937 1906 3975 Conveniendi‚
1921 3938 1955 3980 &f
1972 3935 2192 3977 Concludendi,
2212 3940 2272 3971 Ce-

1215 3993 1327 4021 teraque
1346 3981 1442 4011 omnia
1461 3980 1493 4009 ὃς
1513 3978 1617 4016 lingula
1637 3975 1784 4012 faciendi,
1809 3984 1865 4012 que
1880 3975 1914 4004 ad
1930 3977 2108 4015 firmiorem,
2126 3978 2200 4008 inter
2220 3989 2272 4010 nos

1218 4024 1251 4054 &
1269 4020 1410 4059 predictos
1423 4016 1633 4047 Sereniffimum
1648 4019 1756 4051 Regem,
1778 4015 1912 4052 Principes
1929 4015 1963 4044 ὃς
1981 4017 2096 4053 Status,
2113 4016 2276 4053 nostrasque

1220 4060 1366 4094 Comum,
1384 4057 1521 4086 Dominis
1541 4056 1573 4084 ὃς
1593 4053 1727 4083 subditos
1743 4075 1752 4091 ‚
1780 4052 1933 4082 colendam
1954 4052 2136 4092 Amicitiam,
2155 4055 2188 4084 ad
2205 4057 2275 4084 Stri-

27 4106 109 4141 χιχ.
126 4097 161 4128 &
177 4097 317 4127 Defeetm
336 4096 355 4114 ³⁴²
374 4105 475 4126 omnes
493 4097 525 4136 (fi
539 4099 588 4137 qui
611 4097 643 4128 in
659 4095 737 4129 hisce
753 4096 925 4135 reperiantur
941 4096 1056 4136 Lite-ris)
1074 4097 1186 4137 supple-
1219 4099 1315 4132 itioris
1334 4095 1443 4129 Federis
1460 4092 1669 4133 perfeetionem
1686 4093 1719 4123 &
1739 4090 1989 4122 confirmationem
2003 4114 2014 4130 ‚
2037 4101 2120 4130 atque
2138 4093 2172 4122 ad
2194 4092 2279 4122 Affli⁴

24 4142 48 4175 3.

164 4139 238 4169 Tom.
258 4138 341 4169 VIII.
358 4135 392 4166 P.
409 4136 469 4165 ΙΙΙ.

1725 4128 1813 4159 Cc2

2164 4131 2281 4160 <florum
