2536 4255
647 122 748 164 ET
839 119 1109 162 ACTA

0 200 44 234 D·
92 205 187 248 Jostas
203 206 356 246 Morriffin,
373 206 522 246 Clericus,
541 209 569 238 in
590 208 707 239 Artibus
729 207 937 245 Baccalaurius,
952 206 1039 236 habet
1053 214 1124 234 con-

0 251 16 272 >-

55 247 154 278 similes
169 246 277 277 Literas
292 246 423 279 Parentes
437 247 473 278 de
490 248 694 284 presentatione
709 247 742 277 ad
762 247 934 277 Rectoriam
956 245 992 275 de
1010 241 1120 282 Westel-

0 301 7 310 ·
57 285 121 324 bury
134 308 144 323 ,
174 284 306 316 Diocefis
332 286 470 324 London,
490 296 538 323 per
554 295 677 314 mortem
695 286 785 315 ultimi
801 283 998 314 Incumbentis
1013 283 1120 312 ibidem

0 327 16 346 l.

52 325 110 362 jam
123 332 272 354 vacantem
286 346 297 362 ,
311 324 345 354 &
363 325 398 355 ad
417 323 543 354 nostram
557 323 796 359 presentationem
816 323 900 359 pleno
912 322 976 359 jure
994 321 1122 358 spectan-

0 354 26 383 8·
59 370 134 393 tem·
153 361 191 392 Et
208 363 367 402 diriguntur
382 364 420 393 he
435 363 529 392 Litere
544 361 717 391 Reverendo
736 363 765 390 in
781 360 901 391 Christo
919 360 993 390 Patri
1011 358 1122 389 Domi-

0 563 24 591 ⁷·

0 897 26 927 ⁶.

0 1217 24 1244 5.

0 1527 21 1553 1..

59 411 99 431 no
155 400 279 438 illielmo,
297 401 413 432 London
432 400 582 438 Episcopo.

76 438 185 485 „Teste
197 439 281 478 Rege
296 439 371 478 apud
387 436 665 477 Wstmonasterium,
682 436 817 468 vicesimo
833 438 929 475 primo
944 436 989 467 die
1002 434 1123 466 Februa·-

55 486 99 508 ru.

95 554 245 586 Nicholaus
259 550 418 590 Rothwell,
434 551 581 591 ClerIcus,
597 552 685 584 habet
698 553 857 584 consimiles
875 553 979 583 Literas
993 551 1123 582 Patentes

57 594 94 625 de
108 595 310 632 presentatione
325 591 360 622 ad
370 591 510 622 Vicariam
525 591 560 622 de
576 591 691 630 Felton,
710 592 839 623 Diocesis
850 590 1050 630 Dunelmenfis,
1070 599 1121 626 per

58 643 185 664 mortem
200 632 292 663 ultimi
305 629 501 660 Incumbentis
517 630 624 661 ibidem
635 632 695 668 jam
710 640 856 661 vacantem
868 653 877 668 ,
895 630 927 660 &
942 630 977 659 ad
993 628 1121 671 nostram

80 671 292 703 rest-mationem
331 668 397 698 leno
414 670 476 706 jure
497 668 694 707 spefitantem,
719 669 756 699 Et
780 669 939 706 diriguntur
959 668 998 697 he
1027 666 1122 709 Litere

91 708 233 741 everendo
253 708 284 738 in
335 705 424 737 hristo
443 706 519 738 Patri
542 707 676 737 Domino
693 707 820 745 Johanm·
831 729 841 745 ,
858 702 1032 745 Dunelmenfi
1053 703 1123 742 Epi-

56 749 105 780 sco
148 771 154 777 .

94 758 189 817 Tpgste‘
207 783 293 823 Rege
314 783 388 823 apud
410 782 671 824 Wllmonasterium
682 806 692 822 ,
720 783 859 815 vicesimo
879 782 988 814 oistavo
1011 781 1056 812 die
1070 783 1124 810 Fe-

58 825 172 856 bruarii.

96 900 214 933 Gabriel
228 899 329 941 Masbn
343 925 353 939 ,
380 900 509 932 Clericus
521 923 531 939 ,
558 901 587 930 in
607 899 726 932 Artibus
745 899 882 939 Magister
895 923 904 938 ,
926 899 1013 930 habet
1027 896 1122 928 confi-

60 942 140 972 miles
158 941 268 971 Literas
286 940 414 970 Parentes
430 938 466 969 de
492 938 701 977 presentatione
720 938 754 969 ad
776 939 916 970 Vicariam
943 939 980 968 de
997 935 1123 975 Apleby,

60 979 193 1011 Diocesis
212 977 407 1016 Lincolnienfis
420 999 431 1014 ‚
452 978 513 1015 jam
544 978 681 1016 legittime
699 978 732 1008 ὃς
757 978 793 1007 de
807 979 869 1015 jure
888 986 1037 1008 vacantem
1052 997 1063 1013 ,
1089 975 1123 1004 &

58 1019 94 1050 ad
119 1018 245 1049 nostram
269 1016 505 1055 presentationem
528 1026 578 1053 per
601 1016 706 1055 lapsum
733 1018 869 1052 temporis
895 1016 947 1045 hac
973 1016 1037 1045 vice
1061 1013 1122 1057 [ρετ-ι

59 1059 210 1094 (Stantem,
232 1055 270 1086 Et
294 1054 455 1093 diriguntur
480 1055 516 1085 he
544 1054 638 1086 Litere
664 1055 837 1085 Reverendo
859 1056 890 1086 in
909 1052 1028 1084 Christo
1047 1051 1122 1082 Patri

58 1096 194 1127 Domino
211 1091 338 1130 Johanm'
353 1116 362 1130 ,
389 1093 550 1130 Li⁷zc0hzien
562 1104 570 1119 z
589 1093 743 1131 Episcopo.

94 1133 183 1165 Teste
197 1132 281 1170 Rege
294 1131 368 1170 apud
382 1130 527 1169 Westmona
551 1135 653 1171 eriam,
671 1132 787 1163 decimo
801 1131 847 1162 die
861 1133 973 1161 Marcii.

96 1210 203 1241 David
217 1209 326 1245 Stokcs‚
348 1207 493 1246 Clericus,
512 1208 541 1239 S.
560 1209 602 1239 T.
619 1208 652 1238 P.
671 1208 758 1240 habet
773 1207 933 1238 consimiles
952 1203 1124 1237 LiterasPa-

59 1258 148 1281 tentes
171 1249 207 1279 de
224 1248 432 1286 presentatione
454 1248 488 1279 ad
507 1248 677 1278 Rectoriam
709 1248 744 1277 de
767 1244 907 1283 Binfeild,
923 1244 1054 1275 Diocesis
1072 1246 1124 1271 Sa-

57 1300 135 1327 rum,
153 1297 202 1324 per
220 1295 346 1317 mortem
362 1286 454 1316 ultimi
473 1285 671 1317 Incumbentis
689 1284 797 1314 ibidem
812 1286 871 1321 jam
892 1292 1043 1314 vacantem
1062 1305 1071 1319 ,
1089 1282 1122 1312 δε

58 1327 95 1358 ad
109 1326 235 1357 nostram
254 1325 488 1362 presentationem
507 1324 592 1360 pleno
608 1324 671 1361 jure
692 1323 882 1361 specstantem3
909 1321 948 1352 Et
964 1323 1124 1361 diriguntur

58 1367 95 1396 he
120 1365 214 1396 Litere
235 1364 408 1395 Reverendo
426 1364 456 1393 in
475 1361 595 1391 Christo
618 1359 697 1392 Patri
711 1360 847 1392 Domino
865 1361 1006 1399 Johanni,
1025 1364 1123 1389 Sarum

58 1404 83 1435 E
106 1404 164 1434 isco
184 1413 213 1433 o.

86 1414 186 1474 ΡΤεὶὶξ
203 1441 287 1480 Rege
299 1438 372 1477 apud
392 1436 670 1477 Wslmonasterium,
688 1437 923 1477 decimo-quarto
943 1438 989 1468 die
1010 1438 1125 1466 Marcii.

90 1518 204 1549 Thomas
217 1515 336 1554 Ridout,
355 1514 502 1553 Clericus,
519 1515 550 1545 in
572 1514 687 1546 Artibus
706 1514 844 1555 Magister
858 1539 866 1553 ,
885 1516 969 1547 habet
987 1513 1123 1545 consimi-

55 1558 93 1588 les
120 1556 225 1586 Literas
251 1554 378 1585 Patentes
408 1554 443 1584 de
470 1555 672 1592 presentatione
699 1555 732 1584 ad
755 1556 892 1584 ‘sicariam
915 1555 950 1584 de
978 1551 1127 1582 Buckland

3 1594 40 1623 X.
56 1598 199 1633 Newton,
217 1593 347 1624 Diocesis
362 1591 476 1636 Brssql,
500 1593 555 1629 jam
576 1592 594 1610 ’Ψ
615 1592 754 1631 legittime
774 1594 807 1623 &
826 1594 862 1623 de
878 1594 937 1630 jure
953 1602 1121 1629 vacantem,

0 1838 24 1868 3.

1 2502 24 2522 1.

4 2839 32 2858 0.

0 3147 40 3174 ¹9·

0 3534 42 3564 18.

0 3852 39 3880 ¹7·

54 1635 88 1666 &
106 1634 142 1665 ad
159 1632 286 1663 nostram
304 1631 542 1669 presentationem
557 1640 607 1668 per
624 1630 748 1668 Lapsum
767 1634 902 1669 temporis
921 1632 976 1662 sive
995 1640 1044 1668 per
1059 1640 1124 1667 pra-

54 1673 172 1704 vitatem
198 1671 329 1702 Simonie
353 1670 409 1700 hac
433 1670 496 1700 vice
514 1669 530 1699 s
545 1670 712 1707 ecstantetng
733 1669 767 1700 Et
787 1671 947 1705 diriguntur
966 1669 1004 1699 he
1025 1669 1124 1699 Litere

55 1709 232 1743 Reverendo
251 1710 281 1740 in
301 1708 420 1738 Christo
433 1706 510 1738 Patri
526 1679 663 1738 bomine
681 1709 812 1747 Roberto,
831 1708 934 1748 Brtstol
951 1708 1103 1752 Episcopo.

89 1748 180 1781 Teste
200 1748 283 1788 Rege
299 1746 374 1786 apud
394 1745 662 1786 Wstmonasterium,
680 1746 797 1778 decimo
818 1757 899 1778 nono
919 1749 963 1779 die
982 1749 1094 1777 Marcii.

87 1824 238 1866 Johannes
252 1823 398 1864 Doughty,
416 1821 563 1861 Clericus,
582 1823 610 1853 in
631 1822 748 1855 Artibus
768 1823 904 1863 Magister
917 1847 926 1863 ,
951 1824 1036 1855 habet
1048 1832 1122 1854 con-

54 1866 156 1897 fimiles
170 1866 276 1896 Literas
299 1863 427 1894 Parentes
445 1862 482 1892 de
497 1863 699 1900 presentatione
717 1863 751 1893 ad
771 1862 913 1893 Vicariam
932 1862 967 1893 de
986 1860 1123 1901 Rufhock,

52 1904 186 1936 Diocesis
209 1904 363 1939 Wigornie,
377 1901 435 1940 jam
450 1900 588 1940 legittime
608 1901 640 1931 &
658 1901 694 1931 de
708 1902 766 1938 iure
782 1911 948 1940 vacantem,
967 1902 1000 1933 δε
1018 1902 1052 1931 ad
1067 1910 1122 1930 no—

54 1943 142 1974 stram
156 1941 394 1980 presentationem
413 1939 498 1977 pleno
511 1940 574 1976 jure
588 1947 634 1970 aut
651 1939 749 1977 aliquo
765 1940 820 1970 alio
837 1950 1015 1977 quocunque
1031 1939 1122 1970 modo

55 1982 230 2020 spectantem
245 1991 256 2018 3
283 1978 322 2009 Et
339 1978 500 2017 diriguntur
516 1978 554 2008 he
574 1978 668 2008 Litere
688 1977 860 2009 Reverendo
878 1981 908 2010 in
928 1978 1048 2010 Christo
1066 1978 1123 2010 Pa-

56 2021 94 2053 tri
113 2019 248 2051 Domino
266 2016 412 2055 Johanni‚
433 2019 582 2053 Wigorniae
601 2015 755 2056 Episcopo.

93 2057 186 2090 Teste
201 2056 284 2096 Rege
297 2055 372 2095 apud
392 2053 650 2096 Wellmonfflerium
662 2078 672 2095 ,
690 2056 830 2089 vicesimo
851 2056 946 2095 primo
967 2056 1014 2088 die
1039 2058 1124 2089 Mar-

58 2109 102 2130 cn.

92 2175 242 2214 Jonathan
257 2174 374 2206 Bullock
389 2198 399 2214 ,
414 2174 544 2207 Clericus
554 2199 564 2213 ,
582 2176 611 2206 in
632 2174 748 2207 Artibus
776 2175 910 2214 Magister
920 2199 930 2214 ,
948 2175 1034 2208 habet
1050 2187 1124 2208 con-

56 2214 160 2246 similes
176 2215 282 2246 Literas
296 2214 425 2245 Parentes
440 2215 475 2245 de
493 2215 696 2253 presentatione
715 2215 749 2245 ad
768 2214 937 2245 Rec'toriam
956 2215 1035 2245 beate
1054 2219 1124 2246 Ma-

55 2256 95 2282 rie
113 2253 146 2283 de
159 2256 262 2292 crypta
276 2253 402 2292 ibidem,
421 2252 551 2284 Diocesis
569 2253 797 2295 Glaucestrienfis,
812 2254 871 2292 jam
886 2253 1023 2292 legittime
1040 2258 1072 2286 ὃς
1088 2254 1125 2285 de

53 2292 117 2330 jure
140 2300 308 2329 vacantem,
329 2291 362 2323 &
379 2292 414 2322 ad
427 2291 557 2323 nostram
571 2292 809 2330 presentationem
825 2293 911 2329 pleno
923 2295 981 2330 jure
1000 2294 1126 2332 spectan-

57 2338 118 2360 tem
134 2341 144 2367 3
171 2330 209 2360 Et
232 2331 391 2368 diriguntur
410 2330 445 2361 he
464 2331 560 2361 Litere
579 2330 755 2361 Reverendo
777 2333 806 2360 in
826 2330 944 2361 Christo
963 2331 1039 2363 Patri
1059 2332 1128 2363 Do-

57 2368 141 2399 mino
159 2367 311 2407 Godfmdo,
329 2368 528 2408 Gloucestrienfi
547 2369 696 2407 Episcopo.

92 2406 184 2438 Teste
196 2407 280 2447 Rege
297 2407 371 2446 apud
389 2407 646 2448 Wellmonasterium
663 2430 673 2446 ,
693 2408 830 2439 vicesimo
843 2409 938 2446 primo
954 2409 1000 2440 die
1015 2413 1127 2441 Marcii.

96 2482 259 2513 Edwardus
277 2486 377 2522 Lane,
396 2484 545 2522 Clericus,
564 2486 594 2516 in
615 2484 731 2516 Artibus
753 2484 910 2524 Magister,
935 2487 1019 2518 habet
1035 2488 1130 2518 consi-

60 2521 141 2552 miles
166 2522 274 2553 Literas
292 2521 422 2553 Parentes
440 2523 476 2553 de
494 2523 698 2562 presentatione
721 2523 755 2553 ad
777 2524 920 2554 vicariam
936 2526 1130 2556 Northshobu-

62 2571 110 2599 ry,
130 2559 262 2591 Diocesis
272 2561 407 2597 London,
427 2564 476 2598 per
494 2571 619 2592 mortem
639 2563 731 2592 ultimi
747 2561 941 2593 Incumbentis
959 2565 1064 2594 ibidem
1070 2567 1131 2603 jam

61 2608 231 2638 vacantem,
247 2600 281 2630 &
297 2599 333 2629 ad
354 2598 483 2630 nostram
501 2601 737 2636 presentationem
755 2601 840 2637 pleno
855 2602 919 2639 jure
937 2602 1131 2642 spastsnrem,

61 2639 97 2671 &
123 2638 282 2677 diriguntur
306 2637 343 2668 he
370 2638 466 2668 Litere
491 2638 666 2670 Reverendo
693 2640 723 2670 in
749 2638 870 2669 Christo
896 2639 973 2671 Patri
994 2641 1132 2672 Domino

65 2675 212 2707 Willielmo
248 2676 366 2706 London
385 2676 538 2714 Episcopo.

79 2714 189 2763 nTeste
238 2724 289 2756 ege
305 2714 379 2754 apud
394 2714 656 2754 Wstmonasterium
667 2738 678 2755 ,
696 2715 833 2747 vicesimo
845 2715 970 2750 secundo
984 2717 1031 2748 die
1046 2722 1133 2749 Mar-

61 2764 105 2785 cu.

102 2830 252 2862 Gualterus
268 2830 398 2869 Bridges,
416 2831 546 2862 Clericus
559 2854 569 2870 ,
598 2833 682 2863 habet
700 2833 859 2864 consimiles
879 2832 986 2864 Literas
1004 2834 1134 2869 Parentes

66 2868 103 2899 de
124 2870 330 2907 presentatione
354 2870 389 2900 ad
416 2869 561 2901 vicariam
585 2871 621 2901 de
649 2871 796 2901 Wickham
823 2873 953 2903 Markett
967 2896 977 2911 ,
1003 2873 1134 2908 Diocesis

72 2908 271 2948 Norwicensts,
290 2917 339 2946 per
357 2916 483 2939 mortem
502 2909 596 2938 ultimi
614 2908 813 2940 Incumbentis
832 2911 938 2940 ibidem
954 2913 1014 2950 jam
1033 2923 1136 2946 vacan-

70 2953 131 2976 tem
147 2968 157 2984 ,
180 2947 214 2977 ὃς
231 2947 266 2977 ad
285 2945 411 2976 nostram
429 2946 664 2983 presentationem
687 2947 772 2984 pleno
795 2949 857 2985 jure
875 2949 1069 2989 spediantem3
1096 2953 1134 2986 Et

69 2984 231 3020 diriguntur
248 2985 287 3014 he
307 2985 401 3015 Litere
420 2984 594 3015 Reverendo
612 2987 641 3016 in
660 2984 778 3016 Christo
797 2985 873 3017 Patri
889 2987 1027 3019 Domino
1044 2994 1135 3022 Fran-

71 3021 152 3062 cisco,
171 3022 340 3062 Norwicenfi
360 3023 514 3062 Episcopo.

89 3060 199 3107 „Teste
213 3060 296 3098 Rege
309 3061 382 3098 apud
401 3061 661 3103 Wstmonasterium
672 3086 681 3101 ,
699 3063 976 3096 vicesimo-secundo
990 3066 1037 3098 die
1050 3071 1135 3099 Mar-

71 3110 116 3130 cll.

111 3136 273 3167 Nathaniel
291 3137 435 3167 Arundell
447 3160 457 3175 ,
478 3137 626 3176 Clericus,
642 3140 671 3169 in
689 3139 806 3170 Artibus
823 3140 1028 3181 Baccalaurius,
1047 3145 1134 3177 habet

72 3176 235 3207 consimiles
259 3176 367 3206 Literas
382 3175 510 3206 Patentes
524 3176 560 3206 de
575 3177 773 3214 presentatione
787 3179 820 3208 ad
835 3179 1005 3212 Rectoriam
1020 3182 1054 3214 de
1075 3186 1136 3215 W-

65 3213 160 3255 Jblqy,
179 3214 309 3245 Diocesis
326 3217 468 3244 Wintonie
485 3236 494 3252 ,
512 3214 567 3252 jam
591 3215 727 3254 legittime
741 3219 773 3249 &
788 3219 824 3248 de
838 3219 897 3255 jure
913 3229 1079 3259 vacantem,
1099 3226 1133 3255 &

70 3253 107 3284 ad
121 3252 249 3284 nostram
267 3252 500 3290 presentationem
518 3262 567 3290 per
584 3253 690 3291 lapsum
705 3257 840 3293 temporis
860 3257 913 3288 hac
927 3260 991 3289 vice
1009 3260 1135 3299 spectan-

73 3299 152 3329 tem,
171 3291 209 3322 Et
221 3290 381 3329 diriguntur
396 3291 434 3321 he
451 3291 545 3321 Litere
562 3291 734 3324 Reverendo
747 3295 775 3324 in
790 3294 909 3326 Christo
929 3296 1005 3329 Patri
1023 3298 1134 3332 Domi-

74 3340 116 3361 no
131 3328 285 3368 Richardo,
305 3332 347 3359 W
347 3333 452 3360 intonie
470 3329 624 3368 Episcopo.

111 3367 202 3400 Teste
216 3367 299 3408 Rege
310 3368 385 3406 apud
402 3367 674 3408 Wellmonasterium‚
692 3369 816 3401 secundo
836 3371 883 3402 die
897 3376 1008 3405 Marcii.

313 3447 366 3476 Per
380 3448 525 3476 Dominum
540 3445 676 3486 custodem
693 3449 793 3485 Magni
804 3448 892 3487 Sigille‘
906 3451 1029 3489 Angliae.

114 3522 274 3555 Willielmus
289 3524 401 3560 ths,
420 3521 549 3553 Clericus
564 3548 571 3560 ,
596 3523 683 3554 habet
702 3525 860 3557 consimiles
881 3527 988 3558 Literas
1007 3529 1136 3562 Parentes

75 3562 114 3593 de
130 3563 334 3600 presentatione
347 3560 381 3591 ad
400 3561 566 3591 Reecoriam
581 3565 710 3591 Omnium
727 3566 901 3603 Sanc‘lorum,
919 3566 1049 3598 Diocesis
1062 3572 1136 3600 Can-

76 3600 242 3642 tuarienfis,
266 3611 314 3639 per
342 3608 465 3630 mortem
491 3600 582 3630 ultimi
608 3599 805 3633 Incumbentis
830 3604 936 3634 ibidem
955 3617 1017 3643 Jarn
1033 3617 1137 3638 vacan—

75 3648 135 3671 tem
152 3664 161 3679 ,
187 3640 220 3671 &
234 3639 269 3670 ad
290 3638 414 3670 nostram
432 3637 669 3675 presentationem
689 3640 773 3677 pleno
789 3642 850 3677 jure
873 3643 1045 3680 spe6tantem
1062 3657 1072 3683 3
1097 3646 1135 3678 Et

76 3679 233 3718 diriguntur
253 3679 290 3709 he
316 3677 412 3708 Litere
438 3676 684 3708 Reverendiffimo
707 3679 736 3708 in
757 3678 877 3711 Christo
905 3681 983 3713 Patri
1000 3683 1134 3716 Domino

76 3718 199 3754 Georgio,
220 3714 414 3754 Cantuarienfi
428 3715 658 3754 Arcbiepiscopo.

113 3754 202 3786 Teste
220 3755 302 3795 Rege
317 3755 391 3793 apud
410 3754 552 3793 Canbury,
571 3754 686 3784 decimo
699 3755 776 3787 serito
795 3757 839 3788 die
855 3759 936 3796 Julii.

112 3830 278 3861 U'illielmus
302 3831 450 3870 Hoardfim
464 3854 473 3869 ,
499 3830 656 3873 Clericus,
681 3832 711 3861 in
734 3832 849 3864 Artibus
871 3833 1010 3874 Magister
1051 3839 1136 3870 habet

75 3868 236 3912 consimiles
255 3869 359 3900 Literas
376 3871 504 3901 Parentes
522 3870 558 3900 de
576 3870 779 3908 presentatione
796 3872 832 3902 ad
848 3872 990 3904 Vicariam
1005 3862 1040 3906 de
1063 3881 1137 3907 Bat-

69 3907 143 3947 ford
155 3931 165 3944 ,
185 3906 313 3937 Dlocesis
332 3909 454 3939 Eborum
469 3933 478 3947 ,
495 3919 543 3947 per
563 3917 686 3938 mortem
706 3908 799 3939 ultimi
818 3910 1014 3943 Incumbentis
1029 3916 1136 3946 ibidem

69 3950 131 3986 J'am
148 3953 317 3988 vacantem,
334 3947 368 3977 ὅτ,
386 3948 422 3978 ad
436 3948 563 3979 nostram
578 3947 814 3984 presentationem
832 3949 917 3986 pleno
928 3952 991 3987 J'ure
1008 3953 1134 3989 specian-

72 3995 132 4055 {Sm
148 3996 164 4028 ς.
184 3983 450 4053 Εῑδάιῑιςυῗευὲῖιε
473 3987 568 4018 Litere
595 3985 845 4029 Reverendiffimo
871 3988 900 4020 in
917 3988 1040 4021 Christo
1063 3992 1137 4022 Patri

101 4032 413 4095 gtimipczllfffugfhl·
425 4035 501 4057 orum
517 4025 756 4063 Archiepiicopo.

1195 119 1665 166 PUBLICA.

1200 202 1293 233 Teste
1313 195 1486 246 Rege‘apud
1506 209 1785 249 westmonasterium,
1806 210 1891 242 tertio
1911 208 1957 241 die
1975 209 2069 248 Junii.

2154 129 2232 173 169

2250 204 2326 234 Ann.
2343 204 2384 235 D:

2277 244 2312 270 16
2319 251 2365 280 30.

1201 279 1348 322 Johanner
1361 281 1512 326 Bramhall
1521 307 1530 321 ,
1560 283 1688 316 Clericus
1703 308 1712 323 ,
1737 286 1821 317 Sacre
1837 286 2002 326 Theologie
2021 285 2230 322 Baccalamius,
2250 284 2302 308 Aa.
2324 287 2353 317 7-

1167 318 1252 348 haber
1273 319 1433 361 consimiles
1459 320 1562 351 Literas
1588 321 1714 354 Patentes
1731 325 1768 354 de
1786 325 1989 363 presentatione
2008 325 2043 357 ad
2063 324 2230 355 Reum-iam
2247 322 2309 346 Car.
2337 328 2345 344 ¹
2356 339 2362 346 -

1166 356 1203 386 de
1220 356 1350 396 Heydon,
1371 355 1500 387 Diocesis
1518 360 1655 398 Eborum,
1666 362 1726 399 jam
1740 363 1878 400 legittime
1894 364 1926 394 δί
1941 364 1976 394 de
1984 364 2047 402 jure
2062 371 2231 398 vacantem,
2250 361 2302 384 ΝΟ·
2322 356 2364 390 ¹62

1168 395 1201 426 ὃ(
1221 396 1255 425 ad
1281 393 1407 424 nostram
1429 398 1663 431 presentationem
1690 409 1739 435 per
1765 403 1932 439 pravitatem
1959 402 2087 433 Simonie
2137 401 2161 431 el
2181 408 2231 439 per

1169 433 1294 471 Lapsum
1315 435 1452 470 temporis
1471 433 1644 470 spectantem
1660 449 1670 475 ς
1690 437 1727 467 Et
1744 438 1900 477 diriguntur
1919 439 1957 470 he
1978 440 2073 471 Litert:
2094 450 2122 470 ut
2144 440 2232 477 supra.

1206 471 1296 503 Teste
1315 470 1398 510 Rege
1416 473 1491 510 apud
1509 472 1653 512 Canbury,
1669 476 1777 506 oetavo
1796 479 1840 508 die
1858 477 1939 516 Julii.

1205 551 1284 587 Hugo
1299 549 1465 589 Armstrong
1486 571 1497 586 ,
1520 546 1651 579 Clericus
1663 572 1675 592 ἶ
1692 550 1721 580 in
1742 551 1856 583 Artibus
1875 553 2012 594 Magister
2026 577 2036 593 ,
2054 555 2142 585 habet
2160 562 2233 585 con·
2250 554 2300 580 No·
2321 553 2365 585 ¹52

1168 586 1268 618 similes
1292 589 1392 618 Literas
1411 587 1541 617 Parentes
1558 587 1594 623 de
1610 589 1809 624 presentatione
1832 592 1866 622 ad
1884 592 2027 623 Vicariam
2044 594 2079 623 de
2093 592 2232 623 Carecole-

1164 625 1224 664 [ton
1236 650 1245 664 ,
1264 626 1396 657 Diocefis
1416 625 1552 663 Eborum,
1567 625 1627 663 jam
1648 625 1784 665 legittime
1809 629 1842 659 ὃς
1866 630 1901 660 de
1923 632 1983 668 jure
2002 641 2152 662 vacantem
2169 654 2178 669 ‚
2197 632 2231 662 δε

1166 664 1201 694 ad
1221 664 1345 695 nostram
1365 664 1600 703 presentationem
1620 664 1705 703 pleno
1718 665 1782 702 jure
1801 666 1973 704 spectantem
1989 680 1999 706 ,-
2020 669 2055 701 Et
2073 671 2233 709 diriguntur

1168 703 1206 734 he
1228 703 1322 735 Litere
1338 712 1367 734 ut
1386 706 1473 741 supra.

1206 741 1295 773 Teste
1313 741 1397 782 Rege
1416 741 1489 779 apud
1508 740 1653 781 Canbury,
1671 741 1816 772 tricesimo
1832 742 1878 773 die
1899 745 2062 783 Septembris.

1207 818 1372 851 Willielmus
1396 818 1507 859 Whippe
1521 842 1531 856 ,
1554 816 1683 849 Clericus
1695 841 1705 857 ,
1730 819 1760 848 in
1779 819 1895 849 Artibus
1915 820 2102 852 Baccalaurius
2118 845 2127 859 ,
2149 822 2233 854 habet
2252 819 2300 843 No.
2320 819 2362 851 ¹43

1170 859 1329 889 consimiles
1346 859 1451 888 Literas
1469 860 1601 888 Parentes
1621 857 1657 887 de
1675 856 1878 895 presentatione
1899 859 1933 888 ad
1958 860 2099 891 Vicariam
2114 860 2149 889 de
2163 863 2232 890 Kir-

1169 897 1300 935 keborne,
1318 897 1446 928 Diocefis
1455 895 1573 926 Eburum
1590 919 1600 933 ,
1618 906 1666 933 per
1684 895 1841 926 cessionem
1859 896 1950 926 ultimi
1966 897 2160 930 Incumbentis
2174 900 2230 929 ibi*

1169 936 1235 966 dem
1254 937 1316 974 jam
1339 944 1508 974 vacantem,
1525 935 1559 965 &
1576 933 1612 964 ad
1629 935 1756 965 nostram
1770 935 2006 973 presentationem
2025 937 2042 956 '¹‘
2060 938 2145 975 pleno
2168 938 2229 976 jure
2272 934 2290 955 ⁵*
2302 935 2386 971 ΧῙΧᾹ

1168 974 1358 1012 spectantem,
1374 973 1411 1004 Et
1425 973 1582 1012 diriguntur
1607 973 1645 1003 he
1665 973 1763 1004 Litere
1777 982 1809 1004 ut
1830 983 1917 1004 antea.
2251 976 2314 1009 267.

1206 1012 1295 1043 Teste
1309 1012 1395 1051 Rege
1407 1012 1480 1052 apud
1499 1011 1642 1051 Canbury,
1660 1011 1786 1043 secundo
1799 1012 1844 1043 die
1859 1011 1995 1042 anbris.

1206 1088 1316 1119 Samuel
1333 1089 1472 1127 Pulleine‚
1499 1088 1630 1119 Clericus
1644 1112 1654 1126 ,
1671 1089 1700 1119 in
1721 1089 1838 1121 Artibus
1856 1088 2017 1128 Magister,
2036 1089 2122 1119 habet
2141 1092 2234 1122 consi*
2252 1084 2303 1110 Ναὶ*
2326 1083 2370 1117 ῑΞέ

1169 1128 1249 1158 miles
1272 1128 1374 1158 Literas
1398 1128 1529 1158 Patentes
1551 1128 1588 1158 de
1609 1129 1813 1165 presentatione
1833 1129 1867 1158 ad
1894 1128 2065 1158 Rectoriam
2086 1129 2122 1158 de
2138 1132 2233 1167 Ergoi-

1170 1177 1221 1202 ne,
1241 1165 1371 1196 Diocesis
1383 1166 1520 1204 Eborum,
1537 1167 1594 1203 jam
1614 1167 1754 1203 legittime
1775 1169 1809 1198 &
1826 1168 1862 1198 de
1879 1169 1941 1205 jure
1957 1175 2108 1197 vacantem
2126 1189 2135 1204 ,
2153 1170 2185 1199 &
2197 1168 2232 1199 ad

1169 1204 1296 1236 nostram
1311 1204 1547 1243 presentationem
1568 1214 1617 1242 per
1637 1207 1798 1242 privitatem
1820 1206 1951 1237 Simonie
1970 1205 2026 1236 sive
2045 1215 2093 1243 per
2112 1205 2235 1242 Lapsum

1170 1244 1306 1280 temporis
1322 1244 1375 1273 hac
1393 1245 1457 1272 vice
1483 1243 1656 1280 spenantem
1672 1255 1682 1281 3
1698 1243 1735 1273 Et
1749 1244 1910 1284 diriguntur
1926 1244 1964 1275 he
1986 1245 2082 1274 Litere
2101 1252 2131 1274 ut
2149 1254 2237 1275 antea.

1208 1281 1299 1312 Teste
1318 1281 1402 1319 Rege
1419 1282 1493 1320 apud
1512 1281 1786 1321 PVestmonaslerium,
1805 1284 1901 1321 primo
1920 1284 1968 1313 die
1985 1282 2164 1313 Novembris.

1206 1358 1320 1389 Thomas
1335 1357 1448 1397 Crosby,
1468 1357 1615 1395 Clericus,
1633 1359 1662 1388 in
1681 1358 1800 1390 Artibus
1821 1358 1975 1399 Magister,
1993 1360 2080 1390 habet
2100 1359 2236 1390 consimi-
2259 1371 2308 1396 No,
2325 1370 2369 1395 1²7.

1169 1397 1207 1428 les
1226 1398 1335 1428 Literas
1354 1397 1484 1428 Parentes
1503 1398 1538 1427 de
1557 1398 1761 1435 presentatione
1784 1399 1818 1429 ad
1845 1398 2015 1430 Re&oriam
2037 1399 2074 1429 de
2097 1399 2213 1439 Segiston
2229 1422 2240 1438 ,

1170 1436 1303 1466 Diocesis
1322 1435 1467 1473 Eborum,
1492 1446 1541 1473 per
1566 1444 1691 1466 mortem
1710 1436 1803 1467 ultimi
1825 1436 2020 1468 Incumbentis
2046 1438 2153 1468 ibidem
2177 1439 2238 1476 jam

1170 1484 1335 1512 vacantem,
1357 1476 1389 1506 ὃς
1404 1475 1438 1505 ad
1455 1474 1581 1505 nostram
1602 1474 1835 1511 presentationem
1855 1477 1945 1514 pleno
1962 1477 2026 1514 jure
2044 1476 2241 1516 spectantem,

1170 1514 1208 1545 Et
1226 1515 1386 1552 diriguntur
1405 1514 1442 1543 lie
1464 1513 1556 1544 Litere
1577 1521 1606 1543 tit
1621 1522 1709 1544 antea.

1204 1552 1294 1583 Teste
1309 1552 1390 1591 Rege
1407 1551 1480 1589 apud
1498 1551 1775 1592 Wcstmonaslerium,
1792 1553 1886 1590 primo
1918 1553 1964 1583 die
1980 1553 2158 1584 Novembris.

1169 1677 1331 1722 Commiffio
1360 1676 1484 1711 Roberto
1509 1676 1713 1722 ‚Anstrmhero
1740 1679 1847 1712 Militi
1874 1680 1920 1713 ad
1949 1681 2145 1715 manandum
2168 1696 2240 1716 cum

1214 1725 1399 1773 Imperator?
1428 1730 1560 1759 Romano
1587 1727 1623 1760 de
1645 1727 1835 1772 Restitutione
1861 1730 2005 1764 Eleftoris
2031 1732 2165 1764 Palatini
2192 1729 2239 1774 ό*

1207 1786 1262 1823 pro
1278 1773 1500 1820 confirmatione
1513 1778 1610 1810 Pacis.

2254 1878 2333 1910 Arm.
2347 1877 2392 1914 DJ

1170 1862 1218 1921 C
1227 1865 1263 1892 A
1268 1862 1294 1892 R
1301 1865 1326 1892 Ο
1334 1863 1363 1892 L
1372 1864 1400 1892 U
1407 1864 1426 1891 S
1435 1886 1444 1901 ‚
1460 1861 1518 1893 Dei
1530 1863 1619 1903 gratia
1635 1887 1645 1901 ,
1663 1864 1767 1903 Magne
1784 1866 1914 1897 Britanie
1920 1888 1930 1904 ,
1948 1865 2062 1896 Francie
2078 1866 2117 1902 &³
2133 1868 2235 1899 Hiber-

2277 1927 2290 1947 1
2295 1918 2314 1947 6
2318 1927 2332 1957 3
2340 1925 2353 1947 1
2359 1940 2368 1948 .

1238 1905 1281 1931 nie
1300 1904 1379 1939 Rex,
1395 1899 1460 1931 fidei
1480 1900 1638 1939 Defensor,
1657 1904 1718 1934 διε.

1206 1938 1353 1972 Omnibus
1368 1940 1402 1971 &
1421 1938 1545 1978 Singulis
1560 1940 1596 1972 ad
1615 1951 1686 1979 quos
1704 1940 1844 1980 presentes
1867 1942 1905 1974 he
1924 1941 2020 1974 Litere
2041 1946 2239 1984 prevenerint‚
2255 1960 2309 1985 An,
2329 1967 2359 1991 7-

1167 1977 1302 2009 Salutem.
2256 1999 2310 2023 Car
2341 2005 2349 2021 Ι

1207 2017 1311 2056 Qum
1337 2017 1481 2056 implicata
1501 2020 1650 2049 Germania
1669 2018 1759 2050 Civili
1778 2019 1857 2051 Bello
1873 2044 1883 2058 ,
1909 2029 1968 2059 quo
1984 2019 2162 2052 Christianus
2181 2021 2251 2052 Or-‘
2279 2015 2333 2061 1³02.
2355 2017 2386 2061 {g

1169 2056 1211 2088 bis
1230 2058 1260 2086 in
1280 2066 1368 2095 partes
1381 2058 1493 2096 jamdiu
1510 2058 1608 2088 misere
1626 2057 1742 2095 divisus,
1762 2059 1887 2090 multum
1905 2059 2032 2097 undique
2049 2062 2151 2098 patitur
2162 2083 2171 2097 ,
2189 2061 2241 2091 Se-
2258 2072 2378 2100 Trac‘t'at.

1170 2095 1329 2127 reniffimus
1349 2095 1504 2134 Princeps,
1525 2096 1626 2126 Affinis
1645 2096 1740 2127 noster
1758 2097 1954 2136 charissimus,
1982 2107 2053 2129 cum
2072 2099 2118 2130 sua
2137 2099 2244 2130 Uxore
2259 2118 2327 2148 penes

1170 2135 1252 2165 unica
1271 2134 1365 2165 nostra
1383 2135 1521 2173 nobisque
1539 2134 1708 2167 amatissima
1726 2135 1833 2166 Sorore
1850 2137 1884 2168 ὃς
1903 2136 1990 2167 Prole
2005 2160 2014 2176 ,
2031 2136 2061 2167 in
2079 2137 2193 2169 funesta
2210 2136 2244 2168 il·
2259 2147 2378 2177 Prothon.

1169 2174 1194 2204 la
1212 2174 1302 2205 Scena
1323 2174 1449 2211 primurn
1467 2175 1643 2212 apparuerit;
1662 2173 1732 2205 Nos
1751 2173 1833 2206 Pacis
1850 2175 1966 2212 publice
1983 2185 2080 2207 amore
2095 2200 2106 2216 ,
2131 2177 2166 2207 &
2183 2179 2244 2207 Do·
2258 2197 2296 2217 m,
2314 2188 2358 2214 16.

1170 2224 1228 2242 mus
1255 2213 1402 2252 Austriace
1420 2234 1430 2249 ,
1455 2213 1597 2250 presertim
1621 2211 1812 2244 Potentiffimi
1838 2215 1872 2245 ὃς
1897 2214 2077 2245 Ιηνίέὶὶίῖῑωί
2105 2215 2245 2253 Principis
2354 2219 2359 2222 “

1170 2252 1341 2281 Ferdinandi
1368 2253 1548 2281 Romanorum
1573 2255 1616 2281 Im
1634 2255 1750 2281 cratoris
1775 2251 1886 2289 semper
1914 2252 2040 2291 Augusti
2058 2275 2068 2291 ,
2093 2253 2183 2284 fratris
2208 2255 2244 2286 &

1173 2290 1370 2329 consanguinei
1394 2289 1484 2320 nostri
1509 2291 1587 2320 chari
1612 2291 1664 2321 imi
1691 2289 1787 2322 studio
1809 2291 1925 2322 adducti
1942 2316 1951 2330 ‚
1979 2292 2016 2322 ab
2034 2292 2131 2322 Armis
2148 2293 2245 2330 potius

1172 2328 1312 2360 abstinere
1328 2352 1338 2367 ,
1362 2329 1587 2367 precipitemque
1613 2329 1730 2360 Orbem
1746 2329 1846 2359 nostro
1862 2329 2005 2368 Exemp!o
2021 2330 2054 2360 ad
2075 2330 2181 2362 Pacem
2197 2340 2245 2361 re—

1172 2378 1277 2399 vocare
1298 2367 1455 2398 Maluimus
1469 2389 1478 2405 ‚
1494 2378 1581 2405 quam
1599 2367 1726 2406 specioso
1743 2367 1910 2398 nostrorum
1927 2368 2032 2400 Affinis
2059 2368 2171 2400 Sororis
2189 2380 2245 2401 eo-

1172 2416 1294 2445 rumque
1313 2406 1401 2436 Prolis
1414 2406 1610 2444 juvandorum
1630 2407 1732 2443 titulo,
1747 2416 1819 2445 quos
1839 2416 1935 2438 tamen
1952 2408 2036 2438 nobis
2048 2407 2151 2439 intima
2168 2418 2244 2440 con-

1174 2447 1279 2476 ciliavit
1298 2454 1411 2483 natura,
1430 2445 1531 2476 oleum
1549 2444 1652 2476 addere
1668 2444 1808 2476 Incendio
1824 2467 1835 2483 ,
1852 2455 1936 2483 atque
1954 2446 2030 2484 spem
2050 2445 2132 2477 Pacis
2152 2449 2246 2485 preci-

1175 2484 1241 2514 dere
1256 2508 1266 2522 ,
1294 2486 1408 2515 nemine
1425 2484 1522 2514 medio
1541 2484 1641 2514 relicto
1654 2506 1663 2521 ,
1682 2485 1730 2522 qui
1749 2483 1774 2514 se
1792 2483 1959 2522 sequestrem
1979 2487 2052 2516 inter
2070 2485 2246 2517 Diffidentes

1176 2522 1298 2561 offeret,
1316 2522 1454 2560 Precipue
1474 2532 1544 2552 cum
1562 2521 1636 2560 apud
1655 2521 1765 2554 diffitum
1783 2523 1999 2554 Sereniffimum
2018 2523 2148 2554 nostrum
2168 2524 2247 2555 Affi-

1178 2571 1245 2591 nem
1276 2571 1312 2591 eo
1343 2561 1428 2599 usque
1455 2561 1571 2591 valuerit
1595 2559 1689 2591 nostra
1714 2561 1879 2592 Αυξὶοτίῑεε
1896 2585 1904 2600 ,
1931 2571 1960 2592 ut
1980 2562 2025 2592 ille
2043 2562 2113 2600 sese,
2132 2563 2248 2601 suasque.

1177 2609 1218 2630 res
1243 2610 1345 2630 ornnes
1367 2599 1468 2629 nostro
1495 2599 1594 2630 lubens
1612 2600 1738 2637 permisit
1757 2600 1892 2639 arbitrio,
1912 2601 1979 2631 licet
1997 2611 2092 2632 autern
2111 2602 2248 2632 constans

1178 2639 1330 2677 Studium,
1348 2648 1407 2676 quo
1425 2637 1570 2676 hucusque
1586 2646 1648 2668 tum
1669 2638 1865 2669 Sereniffimus
1884 2639 2032 2670 Dominus
2050 2640 2133 2670 Pater
2153 2640 2250 2671 noster:

1176 2676 1343 2715 pieiitiffime
1366 2678 1507 2707 memorie
1523 2699 1534 2715 ,
1563 2685 1624 2707 tum
1651 2676 1767 2714 Nosipsi
1796 2678 1927 2707 reiteratis
1946 2677 2195 2710 Intercessionibus
2210 2680 2247 2710 δε

1180 2716 1382 2754 Legationibus
1397 2738 1407 2753 ,
1432 2714 1466 2745 ad
1490 2724 1592 2745 omnes
1611 2714 1816 2747 controversias
1835 2715 1954 2752 pacifice
1974 2718 2188 2754 componendas
2206 2717 2248 2748 la-

1175 2755 1355 2792 boravimus,
1373 2753 1448 2784 haud
1466 2753 1583 2784 feliciter
1601 2754 1693 2784 adhuc
1712 2752 1868 2784 succeffisse
1883 2755 2028 2793 videatur;
2048 2756 2181 2786 nondum
2204 2764 2249 2787 ta-

1179 2803 1246 2823 men
1268 2792 1346 2831 spem
1365 2792 1490 2823 deserere
1503 2817 1512 2830 ,
1531 2802 1585 2823 nec
1604 2802 1619 2822 a
1635 2791 1767 2823 Consilio
1783 2801 1840 2823 tam
1862 2794 1909 2830 pio
1925 2794 1959 2824 &
1978 2804 2065 2831 opere
2084 2802 2142 2824 tam
2164 2794 2246 2825 Salu-

1178 2833 1227 2862 tari
1244 2833 1375 2862 animum
1398 2831 1515 2861 alienare
1531 2853 1540 2869 ,
1566 2831 1635 2869 quin
1660 2832 1751 2871 potius
1773 2830 1918 2861 Promissis
1935 2831 2106 2862 Sereniffimi
2128 2834 2162 2863 &
2182 2831 2249 2866 Po-v

1177 2870 1324 2901 tentissimi
1350 2872 1481 2909 Hispanie
1498 2872 1578 2906 Regis
1597 2869 1685 2900 fratris
1702 2868 1797 2900 nostri
1815 2869 1967 2900 charissimi
1985 2869 2086 2900 confifi
2100 2892 2110 2906 ,
2136 2871 2243 2901 amica-

1177 2910 1239 2939 bilis
1265 2909 1494 2946 Compositionis
1522 2909 1555 2939 &
1573 2907 1830 2938 Reconciliationis
1850 2908 1920 2938 dieti
1939 2909 2028 2938 nostri
2049 2907 2154 2938 Affinis
2169 2908 2246 2940 Suc-

1177 2948 1304 2985 cessum,
1322 2957 1391 2977 cum
1411 2947 1520 2983 prefato
1538 2946 1737 2977 Potentissimo
1756 2945 1961 2977 Romanorum
1978 2947 2177 2987 Imperatore,
2192 2947 2244 2979 ad-

1178 2987 1234 3017 huc
1254 2985 1339 3015 semel
1357 2994 1464 3015 tentare
1482 2984 1634 3016 voluimus.

1215 3025 1313 3055 Sciatis
1332 3025 1415 3063 igitur
1434 3023 1512 3061 quod
1532 3033 1603 3062 nos,
1620 3025 1648 3053 in
1667 3023 1815 3061 prudentia
1827 3046 1835 3061 ,
1851 3022 1984 3054 fidelitate
2002 3023 2035 3054 &
2051 3023 2184 3054 industria
2197 3026 2242 3056 vi-

1176 3064 1199 3093 ri
1218 3062 1334 3093 Nobilis
1353 3063 1435 3092 nobis
1450 3071 1587 3099 perquam
1604 3061 1689 3092 fidelis
1707 3063 1739 3093 δε
1759 3062 1855 3092 dilecti
1873 3063 1985 3092 Roberti
2001 3062 2182 3101 Anstrutheri
2199 3063 2243 3093 E-

1178 3102 1260 3139 quitis
1289 3101 1384 3131 Aurati
1402 3123 1411 3138 ,
1434 3102 1466 3132 ὃς
1490 3102 1507 3130 ὲ
1536 3101 1673 3139 generoso
1699 3101 1803 3132 Privati
1829 3101 1916 3131 nostri
1946 3100 2083 3131 Cubiculi
2098 3102 2242 3133 comitatu

1178 3140 1333 3178 plurimum
1360 3138 1556 3177 confidentes,
1584 3138 1680 3178 Ipsum
1706 3138 1852 3169 Rohertum
1870 3139 2086 3179 Anstrutherum
2106 3139 2240 3171 nostrum

1178 3187 1279 3209 verum
1299 3179 1332 3208 &
1349 3178 1544 3208 indubitatum
1563 3177 1817 3216 Commissarium,
1837 3177 1975 3217 Legatum
1987 3201 1996 3215 ,
2015 3178 2241 3209 Procuratorem

1177 3217 1210 3248 &
1231 3216 1410 3254 Depuiaturn
1426 3217 1560 3253 fecimus,
1575 3217 1771 3247 ordinavimus
1791 3219 1824 3248 ὅ(
1843 3217 2040 3254 deputavimus
2058 3225 2090 3246 ac
2110 3224 2160 3253 per
2174 3225 2243 3254 pre·-¹

1178 3256 1267 3286 sentes
1284 3255 1497 3291 constituimus,
1517 3256 1679 3285 ordinamus
1696 3256 1728 3286 &
1747 3255 1922 3291 deputamus.

1216 3293 1325 3324 Dantes
1349 3293 1451 3324 Eidem
1478 3295 1511 3324 ὃ(
1536 3296 1751 3324 committentes
1776 3294 1890 3332 plenam
1908 3295 1940 3325 &
1959 3291 2162 3323 omnimodam
2183 3292 2244 3324 Po-

1176 3332 1303 3364 testatem
1330 3333 1363 3362 &
1391 3333 1600 3363 Authoritatem
1627 3334 1729 3370 pariter
1746 3342 1779 3362 ac
1799 3332 1967 3363 Mandatum
1985 3331 2112 3369 generale
2129 3333 2162 3364 &
2181 3333 2243 3370 spe-

1177 3373 1245 3403 ciale
1273 3372 1390 3402 nomine
1409 3371 1528 3408 nostro,
1556 3380 1624 3401 cum
1645 3371 1754 3409 prefato
1772 3374 1952 3400 Romanorum
1971 3372 2136 3407 Imperatore
2155 3371 2241 3402 fratre

1177 3409 1279 3441 nostro
1306 3409 1472 3440 charissimo
1486 3433 1495 3448 ,
1521 3409 1642 3447 Ejusque
1659 3409 1912 3446 procuratoribus,
1931 3408 2080 3444 Deputatis
2095 3409 2128 3439 δε
2148 3409 2241 3440 Nun-

1177 3451 1227 3480 ciis
1245 3450 1279 3479 ad
1299 3449 1355 3478 hoc
1376 3449 1564 3479 sufficientem
1588 3448 1786 3478 authoritatem
1813 3448 1845 3478 &
1866 3445 2034 3484 potestatem
2052 3447 2241 3486 habentibus,

1176 3495 1236 3518 tam
1261 3487 1360 3517 nostro
1382 3497 1469 3524 quam
1493 3487 1564 3517 dieti
1589 3486 1678 3517 nostri
1709 3485 1810 3516 Affinis
1834 3485 1951 3515 nomine
1976 3487 2241 3524 communicandi,

1176 3525 1315 3557 tractandi
1333 3548 1342 3563 ,
1365 3525 1562 3556 concordandi
1580 3526 1611 3555 ὃ(
1630 3523 1835 3556 concludendi:
1854 3532 2003 3561 ceteraque
2020 3525 2118 3554 omnia
2133 3525 2167 3556 δε
2184 3524 2241 3555 sin-

1198 3565 1240 3594 ula
1262 3564 1405 3600 faciendi,
1431 3574 1485 3602 que
1503 3564 1535 3593 ad
1552 3564 1659 3593 dieram
1678 3561 1848 3593 Sereniffimi
1868 3560 2007 3598 PrinCipis
2025 3562 2114 3592 nostri
2134 3561 2241 3593 Affinis

1177 3574 1458 3633 Reconciliazioncni
1478 3625 1488 3640 ,
1513 3603 1546 3633 δε
1566 3602 1788 3632 Restitutionem
1806 3608 1889 3637 atque
1907 3601 1941 3630 ad
1960 3600 2115 3630 firmiorem
2132 3600 2240 3632 Pacem

1178 3644 1211 3673 &
1240 3642 1404 3671 Amicitiam
1431 3643 1503 3672 inter
1531 3650 1584 3671 nos
1607 3640 1678 3677 ipsos
1695 3663 1704 3677 ,
1729 3638 1834 3668 nostras
1853 3637 2003 3676 Coronas,
2022 3648 2047 3668 at
2071 3649 2104 3668 uc
2124 3639 2240 3670 dictum

1177 3680 1307 3711 nostrum
1333 3679 1462 3709 Affincni
1491 3681 1524 3710 &
1551 3678 1782 3714 Continguineos
1808 3678 1840 3707 Sc
1860 3677 1992 3714 Nepotes
2012 3687 2051 3707 no
2079 3687 2144 3716 ros,
2168 3687 2240 3709 cum

1177 3719 1288 3758 prefato
1313 3718 1412 3748 nostro
1441 3716 1603 3748 charissimo
1626 3719 1803 3746 Romanorum
1829 3718 1994 3754 Imperatore
2010 3739 2019 3753 ,
2039 3715 2184 3747 reficiendi
2205 3719 2240 3749 δε

1179 3756 1337 3788 stabiliendi
1363 3756 1530 3786 caducum
1547 3768 1556 3793 3
1583 3764 1665 3793 :itque
1684 3754 1762 3791 super
1781 3754 1814 3783 iis
1830 3778 1840 3790 ,
1870 3754 2029 3790 Articulos,
2050 3753 2174 3793 Literas,
2192 3754 2242 3785 In-

1179 3797 1332 3827 strumenta
1351 3794 1500 3825 necessaria
1515 3792 1705 3829 conficiendi,
1723 3794 1754 3822 &
1774 3793 1810 3821 ab
1828 3792 1907 3821 alteri
1929 3801 2002 3828 parte
2019 3793 2130 3830 petendi
2146 3795 2179 3825 ὃς
2197 3804 2243 3825 re-

1179 3833 1305 3871 cipiendi
1319 3856 1328 3869 ,
1354 3833 1488 3869 Denique
1512 3833 1610 3862 omnia
1637 3842 1669 3861 ea
1692 3840 1747 3868 que
1779 3830 1811 3860 sd
1832 3831 1961 3867 premissa
1979 3833 2024 3861 vel
2043 3832 2119 3862 circa
2138 3832 2241 3863 cadem

1178 3882 1260 3904 erunt
1279 3871 1427 3900 necessaria
1446 3872 1479 3901 ἃ
1494 3879 1654 3909 opportuna
1673 3869 1847 3906 expediendi.

1217 3911 1235 3930 δὲ
1260 3910 1462 3939 Promittentes
1489 3908 1563 3938 bona
1582 3908 1637 3937 side
1655 3908 1687 3937 δί
1704 3909 1731 3937 in
1750 3908 1840 3938 verbo
1860 3907 1956 3945 Regio
1972 3931 1982 3946 ,
2007 3907 2075 3938 Nos
2093 3911 2190 3939 omnia
2210 3919 2242 3940 ea
2274 3912 2293 3931 ¹¹⁸
2308 3915 2394 3952 XIX,v

1178 3951 1211 3981 &
1230 3947 1334 3985 singula
1353 3957 1407 3984 que
1427 3949 1497 3976 inter
1513 3947 1625 3977 dietum
1644 3946 1759 3975 fratrem
1785 3944 1912 3974 nostrum
1933 3946 2123 3977 charissimum
2143 3951 2243 3978 Roma-
2264 3953 2327 3982 268,

1177 3998 1270 4017 norum
1302 3988 1522 4024 Imperatorem,
1548 3984 1659 4022 ejusque
1696 3984 1922 4022 Procuratores,
1949 3984 2180 4017 Cominiffiarios
2207 3988 2240 4016 δε
2324 3990 2327 3991 ’

1177 4026 1315 4057 Nuncios
1328 4047 1339 4062 ,
1363 4032 1446 4061 atque
1464 4023 1696 4091 prenominatum?
1714 4022 1859 4053 Robertum
1877 4023 2095 4063 Anstrutherum
2113 4025 2243 4091 nogrum

2178 4071 2242 4092 om-
