2536 4255
0 322 21 341 Γ.
43 320 68 339 1.

0 462 32 489 [V
38 460 91 491 111.

0 3833 85 3862 vm.

741 104 841 148 ET
925 104 1182 149 ACTA
1261 107 1723 158 P'UBL'ICA

0 204 35 229 ln.
47 193 95 227 D:
153 193 358 228 Confirmatio.
376 192 467 228 Teste
482 193 565 234 Rege
580 191 655 232 apud
669 190 944 232 Westmonasterium,
961 192 1120 225 undecimo
1135 191 1181 223 die

59 255 68 264 .
115 234 229 265 Martii.

151 309 352 380 chrgffispherus
374 308 526 378 Bachelerd
548 307 680 339 Clericus
693 328 703 344 ,
725 305 763 336 A.
790 304 836 336 Μ.
862 314 979 338 necnon
1004 307 1173 346 Capellanus

115 359 208 389 preno
250 352 272 380 is
288 349 350 379 Viri
367 349 477 378 Roberti

112 426 206 465 rienfis
222 427 320 465 (quam
330 425 393 463 jam
409 423 532 456 obtinet)
551 420 694 452 Vicariam
732 428 874 459 erpetuam
888 421 1013 452 Ecclesie
1021 422 1173 454 Parochia-

114 466 150 496 lis
163 466 199 496 de
212 467 300 502 Tonge
318 461 441 501 ejusdem
460 459 592 503 Diocesis
602 461 619 479 Ῥ
639 461 701 495 (mo
722 469 742 489 o
756 469 818 490 nori
830 459 915 491 distet
929 469 944 491 a
956 460 1094 505 Restoria
1111 471 1175 499 pre-

112 505 190 535 dista
202 504 272 534 ultra
289 503 416 538 quinque
431 497 576 534 Milliaria)
593 499 717 536 recipere
732 495 834 535 poffit,
852 499 886 529 ὃ(
901 498 994 537 quoad
1007 501 1108 530 vrxerit
1129 509 1176 532 re-

113 544 210 575 tinere.
230 539 299 570 Dat’
311 538 524 568 decimotertio
538 536 584 568 die
599 536 710 568 Menfis
722 537 829 567 Martii
841 536 932 569 Anno
940 537 1068 569 Domini
1083 538 1172 577 1627,

109 582 144 613 &
157 576 362 611 Transsationis
381 576 470 606 Anno
491 583 536 613 17.

147 615 351 648 Confirmatio.
370 613 462 646 Teste
476 613 560 654 Rege
574 613 648 652 apud
664 612 924 653 Wellmonasterium
932 637 943 654 ,
961 614 1078 646 decimo
1092 624 1174 654 quar-

108 666 142 690 to
157 656 206 688 die
220 657 306 684 Maii.

146 730 285 763 Emanuel
297 729 421 768 Hodges,
440 727 587 766 Clericus,
605 726 642 758 A.
657 727 705 758 M.
720 738 839 760 necnon
853 729 1023 769 Capelianus
1036 731 1172 768 prenobi-

106 774 140 804 lis
153 772 216 805 Viri
230 769 344 800 Roberti
372 768 497 799 Comitis
515 765 673 805 Leicestrie,
691 776 722 798 ut
744 769 801 798 unii
823 777 894 811 cum
914 768 1026 800 Vicaria
1041 777 1172 809 perpetua

105 809 234 843 Ecclefie
248 807 422 839 Parochialis
440 806 476 837 de
491 805 559 845 Weli
573 808 703 874 Drgton
721 803 752 849 in
772 805 923 850 Comitatu
946 806 1119 846 Middlesbx‚
1137 811 1171 841 &

103 848 260 883 Peculiaris
270 845 477 885 jurisdictionis
491 843 603 874 Decani
657 843 783 880 Capituli
797 844 926 876 Ecclefie
933 844 1107 877 Cathedralis
1114 847 1170 878 Di-

103 887 224 919 viPauli'
238 885 357 916 London
373 884 471 922 (quam
485 882 542 918 iam
559 883 682 919 obtinet)
699 882 845 914 Vicariam
860 892 1026 921 perpetuam
1042 884 1169 917 Ecclesie

103 924 282 960 Parochialis
297 924 333 955 de
346 919 601 959 Harmona'sworth
614 920 744 952 Diocesis
761 922 877 952 London
895 923 999 960 (modo
1013 933 1073 954 non
1087 924 1170 955 distet

108 958 1170 1039 ²p‘i0ssiltztss0sglsziisfflessese.-{essurire}-

104 1013 182 1035 nere.
1158 1023 1168 1039 ,

103 1044 139 1074 &
156 1039 361 1072 Transsationis
376 1038 468 1068 Anno
487 1045 531 1075 i7.
1013 1076 1019 1081 ·

142 1078 349 1111 Confirmatio.
376 1075 465 1108 Teste
477 1075 564 1114 Rege
578 1074 653 1116 apud
666 1073 942 1115 Wstmonasterium,
955 1074 1074 1107 decimo
1086 1076 1169 1108 odla-

103 1128 145 1153 νο
157 1119 206 1150 die
219 1119 334 1148 Martii.

135 1193 250 1226 Samuel
260 1192 400 1231 Baldock,
416 1190 564 1230 Clericus,
580 1187 619 1221 A.
635 1189 686 1222 Μ.
703 1176 818 1221 necnon
833 1187 1003 1228 capellanus
1016 1191 1167 1223 honoran-

100 1233 132 1264 di
146 1233 210 1264 Viri
226 1231 310 1263 Pauli
325 1230 514 1263 Vicecomitis
525 1232 671 1269 Bayni'ng,
688 1236 720 1259 ut
732 1238 787 1259 una
804 1237 871 1258 cum
886 1227 1167 1274 Redioriasscclefie

98 1266 273 1304 Parochialis
287 1270 324 1301 de
337 1272 407 1300 Grin
431 1270 469 1299 ed
480 1267 610 1299 Diocesis
623 1266 749 1311 London’
766 1270 866 1305 (quam
883 1277 943 1305 Jarn
968 1268 1095 1313 obtinet)
1113 1270 1166 1301 Vi-

100 1311 205 1356 (ΨΜ
222 1317 387 1377 Pe‘petimm
431 1304 1166 1381 ΕὲἒᾶἓῗξῖἓὲἓὲἐῗὲἱὲἓΞίζῗῖἔῑῖἥῖῗηὲἑὲξῖἳὲ

98 1348 508 1424 ῧιίῇῗξὲεςι)(ξὲιῗὶρὲτὲοὲοῐὶἱι,
525 1383 559 1413 &
572 1382 670 1420 quoad
685 1383 786 1413 vixerit
808 1356 964 1414 retinere.q
974 1384 1044 1416 Dat’
1064 1385 1166 1417 vicefi-

99 1436 152 1457 mo
163 1424 288 1458 secundo
304 1423 352 1453 die
365 1421 473 1452 Menfis
486 1424 596 1452 Martii
610 1416 701 1451 Anno
721 1420 849 1452 Domini
868 1422 965 1461 1627,
981 1423 1016 1454 &
1028 1423 1164 1455 Transsa-

96 1463 354 1532 nngniirtinliiotid.7'
369 1497 460 1530 Teste
473 1496 559 1538 Rege
572 1497 649 1537 apud
664 1497 941 1538 Westmonallerium,
960 1499 1100 1532 vicefimo
1119 1501 1163 1533 se-

96 1540 195 1573 cundo
209 1539 257 1570 die
271 1540 389 1568 Martii.

135 1618 268 1654 Georgius
280 1639 289 1653 ,
306 1616 369 1647 ἂς.
387 1613 510 1646 Dile&o
519 1611 604 1644 nobis
618 1612 789 1652 inChristo,
806 1613 936 1653 Johanni
951 1616 1073 1655 vernon,
1092 1616 1163 1648 Cle-

94 1657 178 1694 rico,
195 1657 225 1685 in
244 1655 363 1686 Artibus
380 1651 540 1692 Magistro,
559 1651 685 1683 Salutem
698 1653 733 1684 δε
749 1652 891 1684 Gratiam.

132 1694 269 1725 Exhibita
282 1693 367 1723 nobis
382 1701 418 1722 ex
431 1699 508 1730 parte
521 1699 567 1721 tua
584 1690 691 1722 Petitio
710 1692 893 1730 continebat,
910 1692 1007 1741 quod,
1027 1703 1097 1724 cum
1109 1695 1160 1723 Ri-

92 1733 211 1764 ‘hardus
225 1735 353 1769 Verum,
370 1729 519 1766 Clericus,
536 1729 619 1760 Pater
643 1737 708 1760 tuus
718 1752 729 1768 ‚
758 1739 792 1760 ex
811 1729 892 1768 cujus
909 1732 1044 1768 Corpore
1063 1732 1105 1770 (ut
1121 1731 1161 1763 as—

92 1772 160 1803 seris
174 1781 208 1802 ex
221 1771 368 1810 legittimo
390 1767 585 1798 Matrimonio
601 1777 764 1805 procreatus
784 1768 895 1808 existis,
915 1769 1084 1801 Rectoriam
1101 1769 1159 1801 Ec-

93 1811 176 1842 clesie
187 1807 361 1841 Parochialis
374 1806 411 1838 de
426 1805 563 1845 Hanbary
580 1805 714 1837 Diocesis
733 1806 924 1848 Wigornie‘nsis
942 1808 970 1838 le
992 1809 1083 1840 ittime
1102 1810 1160 1839 ob-

92 1856 203 1880 tentam
219 1854 269 1886 per
284 1847 388 1878 Annos
400 1844 509 1883 aliquot
525 1845 640 1876 retinuit
654 1846 688 1877 &
709 1845 802 1876 adhuc
823 1846 952 1884 obtinet;
1007 1855 1018 1878 t
1038 1848 1093 1878 tibi
1113 1848 1158 1879 di-

93 1889 145 1919 ἃο
164 1886 242 1917 Patri
262 1894 316 1917 tuo
337 1884 420 1915 liceat
441 1883 590 1914 succedere
609 1883 764 1920 dispensare
783 1883 978 1923 dignaremur:
998 1885 1068 1917 Nos
1088 1886 1160 1918 huic

92 1926 233 1957 Petitioni
247 1933 297 1956 tue
308 1923 371 1955 satis
383 1921 502 1954 honeste
515 1922 599 1953 certis
614 1921 650 1952 de.
664 1921 753 1953 causis
766 1932 865 1954 coram
877 1925 964 1956 nobis
978 1925 1159 1964 expositisfa-

92 1964 261 2001 vorabiliters
271 1962 415 2000 inclinati,
434 1969 532 1992 tecum
544 1960 777 2000 quandocunque
800 1961 907 1993 didiam
930 1962 1101 1995 Refitoriam
1118 1964 1156 1995 de

92 2004 231 2042 Hanbury
248 2010 422 2040 quocunque
444 1998 535 2030 modo
556 2009 677 2031 vacuam
698 1999 832 2031 devenire
854 2008 941 2039 teque
959 2002 1079 2033 eandem
1099 2002 1161 2035 Re-

93 2043 218 2073 «storiam
235 2040 274 2071 fic
291 2047 445 2071 vacantem
457 2038 598 2078 legittime
618 2039 652 2069 &
672 2036 826 2070 canonice
851 2039 966 2077 adipisci
989 2042 1161 2080 contigerit,

92 2089 123 2111 ut
141 2080 246 2110 dieram
260 2078 433 2110 Rec‘toriam
449 2077 486 2107 de
500 2076 635 2116 Hanbury
650 2078 784 2108 obtinere
795 2078 830 2109 &
846 2078 875 2109 in
891 2079 990 2109 eadem
1007 2079 1160 2112 institui&

92 2118 218 2149 investiri
240 2118 318 2148 acin
339 2116 444 2148 realem
466 2116 501 2148 &
526 2115 666 2147 actualem
685 2115 809 2155 ejusdem
828 2114 1038 2149 Pofl'effionem
1061 2119 1162 2150 induci·

91 2157 178 2197 possis
192 2162 262 2188 cum
285 2157 337 2187 suis
352 2155 478 2195 juribus,
498 2155 634 2186 membris
654 2155 689 2185 &
715 2155 892 2193 pertinentiis
909 2155 1079 2196 Universis,
1097 2168 1158 2189 non

91 2196 223 2227 obstante
238 2195 316 2233 quod
332 2193 474 2233 predictus
485 2192 612 2224 Genitor
629 2201 694 2224 tuus
710 2195 843 2233 proxime
856 2195 890 2227 δε
904 2195 1074 2228 immediate
1094 2196 1160 2228 fue-

92 2236 128 2265 rit
143 2235 267 2273 ejusdem
292 2232 422 2264 Ecclefie
442 2231 575 2270 Redi-or,
601 2231 783 2264 Auctoritate
804 2233 949 2273 predista,
971 2243 1111 2274 quantum
1128 2237 1161 2267 iri

92 2274 177 2303 nobis
192 2273 234 2304 est
248 2273 282 2303 δε
296 2271 366 2310 Jura
379 2271 476 2310 Regni
489 2271 649 2310 patiuntur,
666 2278 767 2302 tenore
781 2272 951 2309 presentium
965 2274 1086 2312 gratiose
1106 2273 1162 2305 dis·

91 2311 241 2349 pensamus
249 2311 356 2349 tibique
369 2310 468 2349 pariner
479 2308 661 2347 indulgemus
667 2310 895 2349 (quibuscunque
903 2310 1064 2344 Canonicis
1071 2311 1160 2344 Cone

92 2349 287 2380 stitutionibus
311 2359 374 2380 non
392 2347 585 2385 obstantibus)
607 2346 728 2379 Proviso
749 2348 860 2387 semper
884 2350 963 2389 quod
983 2350 1022 2382 he
1047 2351 1162 2391 Litere,

91 2389 155 2421 δερ.
195 2387 265 2418 Dat'
287 2388 339 2418 sub
362 2387 461 2425 Sigillo
481 2386 514 2416 ad
538 2386 695 2418 Facultates
716 2387 855 2418 vicesimo
876 2389 962 2419 tertio
983 2389 1031 2420 die
1051 2389 1161 2421 Mensis

92 2426 201 2466 Aprilis
220 2425 309 2455 Anno
324 2425 449 2455 Domini
466 2424 625 2455 Millefimo
639 2424 845 2457 sexcentesimo
859 2427 998 2459 vicefirno
1019 2427 1161 2468 septimo,

91 2466 129 2497 &
140 2463 237 2495 nostre
254 2463 462 2494 Transsationis
478 2463 567 2494 Anno
581 2464 698 2494 decimo
712 2464 844 2502 septimo.
1129 2492 1133 2494 ,

129 2503 212 2541 Rex,
231 2503 292 2534 &c.
311 2503 448 2532 omnibus
466 2501 502 2531 ad
519 2511 606 2540 quos,
624 2502 686 2532 &c-
704 2502 838 2534 Salutem.
877 2501 1054 2541 Inspeximus
1080 2505 1162 2544 quas-

89 2542 159 2573 dam
180 2542 286 2572 Literas
301 2540 552 2579 Dispensationum
569 2540 742 2577 presentibus
759 2550 896 2580 annexas,
915 2552 982 2580 quas
1002 2544 1037 2575 ὅτ,
1057 2543 1161 2582 singula

91 2582 123 2612 in
138 2582 177 2612 eis
193 2587 330 2610 contenta
342 2580 420 2618 juxta
435 2578 578 2617 quendam
594 2579 704 2609 Actum
721 2579 787 2610 inde
801 2581 830 2609 iri
844 2579 1035 2611 Parliamento
1052 2581 1162 2613 Domi-

92 2621 124 2651 ni
138 2622 253 2649 Henricr'
267 2627 357 2657 nuper
380 2618 472 2656 Regis
484 2616 590 2655 Anglie
604 2617 701 2647 oetavi
715 2617 922 2650 Predecefforis
939 2619 1029 2650 nostri
1049 2620 1161 2652 editum

92 2658 333 2694 Ratificavimus‚
356 2656 589 2694 Approbavimus
612 2656 646 2686 &
665 2655 929 2696 Confirmavimus‚
948 2668 981 2689 ac
1009 2668 1061 2695 pro
1079 2661 1165 2690 nobis

95 2697 260 2728 Heredibus
276 2697 309 2728 &
322 2694 538 2726 Succefforibus
561 2693 665 2725 nostris
685 2694 890 2735 Ratificamus,
909 2697 1111 2734 Approbatnus
1126 2699 1160 2730 ὃς

95 2734 316 2766 Confirmamus
329 2743 378 2771 per
392 2732 552 2765 Presentes:
573 2732 615 2763 Ita
630 2733 708 2771 quod
716 2733 862 2772 Johannes
874 2737 981 2765 Vernon
991 2757 1000 2773 ,
1019 2735 1158 2776 Clericus,

96 2773 127 2804 in
142 2774 261 2805 Artibus
277 2770 419 2810 Magister
434 2773 466 2802 in
480 2772 562 2803 dietis
579 2772 684 2802 Literis
700 2774 884 2812 nominatus,
899 2775 1038 2805 omnibus
1053 2775 1087 2806 ὃς
1104 2777 1159 2806 fin-

93 2812 169 2852 gulis
185 2813 214 2843 in
228 2811 335 2842 eisdem
348 2809 514 2849 specificatis
527 2811 590 2848 uti,
605 2811 659 2841 frui
672 2811 801 2851 &potiri
814 2813 903 2843 valeat
923 2814 956 2845 δε
972 2812 1057 2851 poffit
1073 2813 1162 2846 libere

95 2853 131 2883 &
148 2852 258 2888 quiete,
273 2851 394 2887 impune
406 2849 440 2880 ὃ(
456 2848 550 2886 licite,
566 2849 723 2879 secundum
738 2851 815 2889 vim,
830 2850 955 2882 formam
971 2853 1005 2884 ὃς
1022 2851 1163 2884 είΐεέῒυη]

94 2887 377 2956 earundem&absque
399 2888 609 2925 impedimento
635 2896 841 2927 quocunque3
874 2898 911 2920 eo
938 2890 1019 2928 quod
1042 2891 1165 2931 expressa

96 2934 224 2963 mentio,
276 2935 303 2956 c.

131 2965 166 2995 In
180 2965 258 3002 cujus
270 2965 309 2994 rei
322 2964 540 2995 Testimonium
549 2985 559 3002 ,
572 2964 635 2995 &c.

130 3032 222 3065 Teste
235 3032 321 3072 Rege
333 3033 408 3071 apud
422 3031 683 3072 Welimonasterium
690 3055 701 3072 ,
715 3034 781 3065 vice
788 3034 860 3065 fimo
872 3042 976 3073 quarto
987 3034 1034 3066 die
1047 3032 1165 3074 Aprilis.

94 3121 245 3163 consimiles
263 3122 380 3151 Literas
398 3117 639 3186 Dffenfhtionum
660 3117 699 3154 &³
712 3120 954 3161 Confirmatiorium
972 3121 1076 3153 habent
1090 3125 1160 3153 Per-

312 3157 376 3197 [bne
388 3159 425 3196 Ju
437 3157 540 3197 firipte
551 3157 605 3197 βό
623 3158 737 3199 diverfis
755 3161 851 3199 datis,
869 3163 931 3191 viz.

133 3236 269 3267 Hernicus
284 3234 397 3274 Johns,
415 3234 566 3273 Clericus,
583 3242 615 3266 ut
627 3234 776 3267 succedere
791 3236 872 3267 liceat
888 3238 921 3268 ad
937 3237 1080 3278 Vicariam
1097 3247 1160 3277 per*

94 3284 211 3316 petuam
226 3274 353 3305 Ecclefie
376 3273 546 3304 Parochialis
567 3274 662 3304 sanai
684 3273 737 3313 10)
757 3274 821 3306 alias
841 3275 1013 3315 Eglestmoke
1029 3277 1161 3308 Diocesis

93 3317 201 3352 Exuit,
219 3323 268 3352 per
283 3312 417 3343 Mortem
433 3312 593 3350 Barnardi,
612 3311 738 3350 Clerici,
755 3313 845 3344 Patris
853 3314 892 3344 sui
906 3323 1068 3346 vacantem.
1088 3316 1159 3347 Dat'

94 3355 216 3392 septimo
230 3351 275 3382 die
298 3350 407 3382 Mensis
425 3353 502 3381 Maii
517 3350 607 3382 Anno
623 3350 749 3381 Domini
780 3352 874 3392 1627,
896 3354 931 3384 &
953 3353 1160 3386 Transsationis

94 3394 334 3462 Affnliiinatio.
341 3426 430 3458 Teste
436 3426 522 3465 Rege
527 3426 601 3466 apud
608 3426 870 3469 Wstmonasterium
876 3451 886 3468 ,
891 3429 1014 3469 septimo
1023 3431 1070 3462 die
1077 3435 1162 3463 Maii.

130 3506 298 3539 'Anthonius
311 3504 470 3544 Ingoldsby‚
487 3505 524 3534 Α.
546 3504 594 3534 Μ.
610 3514 642 3536 ut
657 3505 806 3537 succedere
828 3506 908 3538 liceat
933 3507 966 3538 ad
988 3507 1159 3540 Redioriarn

96 3544 222 3578 Ecclesie
236 3544 412 3577 Parochialis
430 3544 466 3574 de
479 3541 558 3580 Tofte
571 3543 633 3573 alias
647 3541 780 3584 Fglhtofte
795 3543 926 3577 Diocesis
947 3545 1142 3589 Lincolnienfis
1151 3572 1160 3586 ,

134 3596 146 3615 r
167 3585 301 3615 Mortem
327 3582 471 3613 Anthonii
496 3579 654 3620 Ingoldsby,
678 3581 802 3620 Clerici,
827 3583 918 3616 Patris
935 3584 975 3615 sui
1000 3595 1159 3617 vacantem.

96 3595 168 3668 ffat'
182 3623 298 3668 decimo
315 3622 394 3652 sexto
408 3620 454 3650 die
472 3619 580 3650 Mensis
593 3623 668 3650 Maii
678 3620 766 3651 Anno
773 3621 896 3653 Domini
910 3623 1161 3662 1627,&Trans-

96 3661 351 3768 lfftggigfirliiligiiof
357 3670 465 3730 7Teste
478 3696 562 3737 Rege
574 3696 648 3737 apud
664 3697 937 3738 Wellmonasterium,
955 3699 1073 3733 decimo
1097 3701 1159 3742 sep-

101 3745 176 3769 umo
210 3748 235 3768 ie
286 3749 334 3768 atr.

140 3813 160 3834 ²*
171 3812 321 3844 Timotheus
332 3812 516 3852 Thurslroffl’,
534 3812 682 3850 Clericus,
699 3812 736 3843 A.
752 3810 799 3843 Μ.
815 3820 844 3844 ut
862 3812 1013 3847 succedere
1028 3817 1111 3849 liceat
1125 3819 1160 3850 ad

103 3851 377 3883 Archidiaconatum
392 3854 428 3883 de
442 3852 593 3883 Cleveland
604 3853 634 3883 in
651 3850 777 3882 Ecclesia
790 3849 955 3884 Cathedrali
966 3854 1000 3884 &
1009 3855 1162 3895 Metropo-

102 3891 180 3921 litiea
193 3891 289 3919 Sancli
306 3892 382 3920 Petri
396 3891 535 3929 Eborum,
575 3890 784 3927 uandocunque
801 3890 928 3927 proxime
936 3895 1095 3932 vacaverit,
1114 3906 1162 3933 per

103 3928 341 3967 Refignationem
357 3931 469 3959 Henrici
482 3901 796 3971 Thuchroffi,Clerici,
815 3928 902 3958 Patris
915 3929 964 3960 sui.
989 3931 1163 3965 Dat’vicefi.

104 3977 156 3997 mo
191 3968 262 3997 rimo
278 3966 322 3997 die
338 3966 447 4000 Mensis
463 3968 548 4007 June}
562 3969 653 4002 Anno
668 3967 804 4002 Dommo
826 3967 901 4005 1627
912 3989 921 4006 2
938 3968 973 4001 &
988 3969 1166 4004 Transsatio—

103 4007 147 4038 nis
191 4013 248 4036 nno
265 4012 310 4043 172

527 346 624 382 omitis
643 343 824 383 oxonienfis‚
840 352 873 384 ,ut
895 347 951 375 una
969 355 1039 376 curn
1059 346 1174 377 Redio-

113 390 154 419 ria
176 387 305 420 Ecclesie
321 385 492 418 Parochialis
513 384 548 414 de
571 383 756 419 Kingsa'owne
776 382 908 413 Diocefis
927 384 1025 414 nostre
1047 388 1174 414 Cantua-

2196 133 2274 177 253

1214 191 1462 269 tioffli'enfgixaiiio‘
1485 195 1576 229 Teste
1588 196 1673 239 Rege
1686 200 1760 239 apud
1773 198 2045 243 Wellmonasterr‘um,
2062 200 2201 237 vicefimo
2216 216 2273 238 ter*
2287 205 2418 284 stiffi?

1254 304 1402 344 Johannes
1415 309 1583 377 Nichiiison,
1600 312 1748 352 Clericus,
1766 314 1804 345 Α.
1813 312 1859 346 Μ.
1868 325 1900 348 ut
1912 319 2060 351 succedere
2073 320 2156 353 liceat
2169 321 2203 353 ad
2212 319 2274 359 Re,-
2280 288 2398 360 {5:2324

1214 343 1336 389 ctoriam
1353 345 1478 378 Ecclelie
1520 350 1666 393 arochialis
1674 353 1770 381 Saneli
1783 353 1862 393 Justi
1874 358 1904 384 in
1910 357 2047 394 Rosbland
2054 358 2181 392 Diocefis
2190 362 2270 392 Exo-

1210 382 1309 426 niejnfis
1322 405 1331 419 ,
1359 393 1408 421 per
1426 384 1660 424 Refignationem
1682 388 1824 427 Johannis
1848 390 1994 433 Nicholson
2027 397 2134 429 Clerici
2178 399 2269 431 Patris

1212 422 1250 451 sui
1266 430 1423 453 vacantem.
1461 423 1530 467 Dat'
1553 424 1709 468 undecimo
1729 427 1776 458 die
1797 428 1905 461 Mensis
1926 419 2112 471 Julii’Anno
2136 422 2263 470 Domini

1215 461 1309 498 1627,
1326 461 1360 492 &
1375 461 1579 493 Transsationis
1597 464 1685 494 Anno
1705 468 1750 502 17.

1246 497 1448 531 Confirmatio.
1472 499 1562 532 Teste
1568 500 1654 539 Rege
1660 505 1734 540 apud
1743 504 1866 544 Canbury
1877 529 1886 544 ‚
1901 509 1982 539 tertio
1995 509 2113 542 decimo
2126 513 2171 545 die
2178 514 2266 554 Julii'.

1247 573 1397 613 Joharmes
1411 580 1552 615 Stanron,
1567 576 1697 610 Clericus
1707 600 1717 616 ,
1736 577 1775 609 A.
1790 578 1838 609 M.
1854 589 1886 611 ut
1899 582 2047 617 succedere
2060 587 2141 619 liceat
2155 591 2188 622 ad
2204 592 2266 623 Re-

1213 611 1334 644 &oriam
1349 614 1476 647 Ecclefie
1493 616 1667 647 Parochialis
1681 616 1718 647 de
1734 618 2021 656 KnapwellDiocesis
2038 625 2120 656 Elien
2132 639 2153 657 is
2176 640 2266 667 quan..

1211 649 1367 692 docunque
1380 663 1430 692 per
1444 653 1677 693 Refignationem
1693 654 1833 685 Willielmi
1848 660 1967 688 Stanton
1979 660 2100 701 Clerici,
2114 627 2206 698 ¹§airis
2216 670 2254 699 sui

1211 692 1344 726 proxime
1367 693 1518 725 vacaverit.
1555 693 1668 724 Provis'
1684 692 1793 730 semper
1814 696 1893 732 quod
1915 696 1979 732 post
2000 697 2210 735 Institutionem
2229 693 2268 738 δῖ

1211 727 1416 762 Ιηάυᾶἰοηεηι
1436 731 1495 762 suas
1511 729 1541 762 in
1554 731 1663 763 dietam
1684 730 1876 772 Reeroriam,
1893 736 2020 765 mansum
2043 739 2134 769 eidem
2150 743 2266 782 assigna-

1212 774 1274 797 tum
1291 769 1324 799 &
1339 776 1432 800 cetera
1445 768 1555 801 edificia
1576 770 1668 801 eidem
1689 770 1842 808 spectantia
1864 773 1897 804 δε
1912 774 2079 809 pertinentia
2094 776 2265 813 sufficienter

1211 806 1245 836 &
1259 807 1452 840 condecenter
1476 807 1513 840 de
1530 808 1681 847 Tempore
1698 810 1729 840 in
1742 809 1877 846 Tempus
1893 813 2009 848 reparari
2032 813 2065 843 &
2081 815 2200 848 resarciri
2223 820 2266 851 fe-

1209 846 1288 875 cerit.
1326 845 1396 878 Dat'
1417 847 1513 887 primo
1532 847 1579 879 die
1601 846 1711 879 Mensis
1725 847 1844 886 Augusti
1860 848 1950 880 Anno
1971 849 2097 883 Domini
2123 858 2214 896 ¹⁶27>
2232 859 2267 890 &

1207 880 1412 915 Transsationis
1427 886 1518 917 Anno
1534 895 1580 925 17.

1207 921 1447 999 Aungylermatio.
1482 925 1572 956 Teste
1592 925 1675 966 Rege
1694 925 1769 965 apud
1793 925 1936 966 Canbury,
1961 926 2078 958 decimo
2098 929 2205 963 οᾶεγο
2222 932 2268 965 die

1246 1035 1406 1080 usillielmus
1421 1039 1574 1080 Williams,
1593 1039 1741 1080 Clericus,
1760 1040 1797 1072 A.
1813 1040 1846 1071 B.
1859 1049 1891 1072 ut
1902 1042 2053 1074 succedere
2068 1043 2150 1074 liceat
2164 1045 2197 1075 ad
2207 1046 2268 1078 Re-

1209 1072 1329 1104 &oriam
1347 1075 1472 1108 Ecclesie
1487 1078 1657 1111 Parochialis
1670 1080 1707 1110 de
1720 1080 1868 1110 Podamore
1886 1080 1999 1111 Melton
2016 1081 2147 1113 Diocesis
2160 1085 2268 1115 Batho-

1208 1114 1272 1155 nien
1283 1114 1353 1157 tr&
1367 1115 1520 1155 Wellenfis,
1534 1126 1585 1156 per
1600 1118 1731 1150 Mortem
1749 1117 1897 1149 Willielmi
1913 1123 1949 1147 W
1951 1119 2067 1158 illiams,
2086 1120 2204 1159 Clerici,
2212 1122 2268 1154 Pa-

1208 1157 1256 1180 tris
1271 1151 1326 1189 sui,
1347 1161 1504 1184 vacantem.
1540 1157 1610 1187 Dat’
1620 1158 1703 1187 tertio
1717 1156 1763 1187 die
1776 1156 1887 1188 Mensis
1899 1158 2026 1189 onobris
2041 1160 2129 1190 Anno
2143 1159 2268 1192 Domini

1210 1189 1304 1228 1627,
1321 1191 1356 1221 &
1371 1190 1577 1224 Transsationis
1592 1194 1680 1225 Anno
1702 1205 1715 1225 1
1742 1220 1747 1225 .

1243 1227 1446 1262 Confirmatio.
1464 1231 1553 1262 Teste
1569 1232 1652 1273 Rege
1665 1204 1739 1273 apud
1755 1229 1940 1275 Wstmonast.
1960 1235 2122 1276 quartouie
2136 1238 2271 1269 Oc‘lobris.

1241 1305 1350 1351 Daniel
1359 1308 1585 1348 Horftmanden,
1603 1309 1732 1341 Clericus
1742 1335 1751 1349 ,
1770 1311 1801 1342 S.
1817 1312 1857 1342 T.
1875 1312 1912 1343 P.
1928 1320 1959 1343 ut
1971 1312 2122 1344 succedere
2135 1313 2217 1346 liceat
2232 1316 2270 1348 ad

1205 1344 1378 1376 Rastoriam
1395 1346 1522 1378 Ecclesie
1538 1346 1712 1379 Parochialis
1723 1349 1759 1380 de
1775 1349 1917 1389 Ulcombe,
1934 1350 2066 1382 Diocesis
2086 1356 2272 1384 Cantuarien-

1196 1383 1256 1424 fis,
1280 1393 1329 1422 per
1349 1384 1587 1424 Refignationem
1609 1388 1740 1418 Richards·
1763 1389 1954 1428 Horsmanden
1977 1388 2102 1428 Clerici,
2120 1390 2211 1424 Patris
2229 1394 2270 1424 sui

1204 1430 1362 1453 vacantem.
1399 1423 1468 1455 Dat’
1482 1426 1586 1464 quinto
1601 1425 1647 1457 die
1664 1426 1773 1458 Menfis
1787 1428 1914 1458 ocrobris
1929 1428 2018 1459 Anno
2032 1429 2158 1460 Domini
2177 1432 2267 1472 1627,

1203 1462 1238 1493 &
1253 1461 1458 1493 Transsationis
1471 1463 1561 1495 Anno
1579 1473 1625 1503 17.-

1241 1499 1446 1532 Confirmatio.
1451 1501 1542 1533 Teste
1549 1502 1631 1542 Rege
1638 1504 1711 1542 apud
1719 1503 1985 1545 Wstmonasterium,
1991 1504 2070 1538 sexto
2079 1507 2126 1538 die
2134 1508 2270 1540 Ostobris.

1238 1577 1349 1607 Samuel
1363 1581 1503 1617 Downes,
1522 1578 1666 1620 Clericus,
1685 1581 1722 1611 A.
1737 1581 1785 1612 M.
1801 1589 1831 1612 ut
1847 1582 1996 1613 succedere
2008 1582 2089 1613 liceat
2103 1585 2136 1614 ad
2155 1585 2267 1617 Redie-

1202 1617 1273 1647 riam
1287 1616 1417 1648 Ecclefie
1431 1618 1602 1649 Parochialis
1616 1619 1652 1649 de
1666 1621 1787 1661 Manbye
1801 1621 1933 1651 Diocesis
1946 1620 2156 1663 Lincolnienfis,
2177 1634 2266 1662 quan-

1200 1655 1355 1694 docunque
1371 1664 1422 1692 per
1437 1655 1673 1693 Refignationem
1689 1659 1834 1696 Johannis
1855 1663 1992 1698 Downes,
2013 1659 2139 1699 Clerici,
2161 1663 2194 1692 A.
2215 1662 2265 1693 M.

1201 1694 1291 1724 Patris
1316 1693 1373 1731 sui,
1391 1695 1522 1732 proxime
1544 1697 1693 1727 vacaverit.
1733 1697 1805 1728 Dat'
1824 1697 1943 1728 decimo
1965 1699 2068 1736 quinto
2086 1700 2132 1729 die
2156 1700 2267 1732 Mensis

1200 1731 1327 1762 oeffobris
1343 1730 1433 1763 Anno
1447 1732 1576 1763 Domini
1596 1735 1691 1772 1627,
1708 1735 1743 1766 δε
1756 1735 1964 1766 Transsationis
1980 1736 2070 1767 Anno
2088 1746 2135 1775 17.

1237 1769 1441 1840 (gongrglnztio.
1477 1770 1567 1803 Teste
1583 1771 1670 1811 Rege
1686 1773 1762 1810 apud
1778 1773 2057 1814 Waestmonasterium,
2072 1776 2188 1808 decimo
2204 1778 2266 1810 sex-

1199 1817 1232 1842 to
1266 1819 1291 1840 le
1361 1820 1375 1839 ο
1393 1819 1441 1840 rrs.

1238 1885 1402 1917 Willielmus
1418 1886 1542 1928 Master,
1561 1886 1713 1925 Clericus,
1733 1887 1770 1918 A.
1786 1883 1833 1919 M.
1849 1895 1880 1920 ut
1895 1888 2045 1921 succedere
2060 1890 2144 1923 liceat
2155 1894 2189 1924 ad
2199 1894 2270 1926 Re-

1197 1925 1320 1956 <storiam
1336 1924 1463 1957 Ecclefie
1480 1926 1516 1956 de
1533 1926 1668 1964 Ruckinge
1685 1926 1816 1958 Diocesis
1834 1929 2060 1968 Cantuarienfis,
2079 1932 2268 1966 quandocun·

1197 1973 1251 2003 que
1267 1973 1316 2002 pet
1326 1964 1564 2005 Resignationem
1581 1965 1728 1996 Willielmi
1739 1966 1865 2006 Master,
1885 1967 2014 2006 Clerici,
2033 1968 2064 1998 S.
2080 1968 2120 1998 T.
2135 1969 2169 2000 P.
2179 1970 2269 2001 Patris

1196 2004 1236 2034 sui
1252 2004 1385 2040 proxime
1397 2005 1551 2035 vacaverit.
1589 2003 1660 2035 Dat’
1676 2005 1800 2036 secundo
1822 2005 1869 2035 die
1888 2005 1998 2036 Mensis
2012 2008 2182 2038 Novembris
2204 2009 2268 2040 An-

1197 2051 1237 2072 no
1252 2042 1379 2073 Domitii
1397 2043 1491 2082 1627,
1511 2043 1544 2074 ὃς
1561 2042 1773 2074 Transsationis
1791 2044 1880 2074 Anno
1899 2051 1945 2082 17.

1235 2079 1439 2150 anfirmatio.
1476 2080 1566 2112 Teste
1584 2081 1668 2122 Rege
1680 2082 1754 2122 apud
1763 2082 2024 2123 Wlbmonasterium
2034 2107 2045 2123 ,
2061 2084 2138 2115 sexto
2151 2085 2197 2117 die
2206 2087 2270 2116 No·-

1198 2129 1261 2149 vem
1280 2129 1329 2150 ris.

1233 2196 1371 2237 Joftphus
1388 2197 1490 2234 Wood,
1507 2194 1652 2237 Clericus,
1672 2195 1711 2230 A.
1725 2197 1757 2229 B.
1773 2206 1806 2229 ut
1822 2198 1972 2230 succedere
1986 2199 2068 2230 liceat
2081 2199 2115 2230 ad
2124 2198 2269 2232 Vicariam

1198 2244 1365 2274 perpetuam
1377 2236 1505 2267 Ecclesie
1518 2235 1692 2267 Parochialis
1706 2237 1742 2268 de
1756 2237 1894 2267 Gretham
1910 2233 2043 2268 Diocesis
2054 2239 2271 2282 *Dunelmenfiss

1198 2284 1249 2312 per
1266 2273 1504 2314 Resignationem
1531 2274 1679 2305 Willielmi
1715 2276 1816 2313 Wrod,
1836 2276 1956 2314 Clerici,
1975 2275 2066 2307 Patris
2086 2278 2148 2316 sui,
2166 2288 2272 2309 vacan-

1199 2321 1268 2344 tern.
1308 2312 1379 2344 Dat’
1397 2314 1533 2344 vicesimo
1548 2314 1632 2345 tertio
1651 2314 1698 2344 die
1713 2313 1825 2345 Mensis
1840 2315 2009 2345 Novembris
2031 2315 2120 2346 Anno
2140 2316 2269 2348 Domini

1205 2352 1339 2391 1627,&
1352 2350 1557 2383 Transsationis
1574 2352 1663 2383 Anno
1684 2357 1730 2391 17.

1236 2390 1443 2459 Ἑρηίέτῑωεῑῐῖ.
1460 2390 1550 2421 Teste
1564 2390 1649 2431 Rege
1656 2391 1730 2431 apud
1746 2391 2018 2432 Wstmonaslerium,
2037 2392 2176 2424 vicefimo
2185 2403 2269 2433 quarn

1200 2436 1233 2460 to
1267 2439 1291 2459 ie
1343 2436 1420 2459 ovem
1441 2433 1489 2459 ris.

1234 2505 1368 2536 Robertus
1378 2502 1534 2545 Lenthall,
1553 2505 1684 2538 Clericus
1694 2528 1704 2545 ,
1722 2504 1760 2537 A.
1775 2506 1809 2537 Β.
1826 2515 1859 2538 ut
1872 2506 2023 2539 succedere
2034 2506 2118 2539 liceat
2129 2508 2164 2539 ad
2180 2509 2270 2541 Vica-

1198 2544 1267 2575 riam
1285 2553 1449 2583 perpetuam
1467 2544 1594 2576 Ecclesie
1607 2543 1778 2576 Parochialis
1791 2545 1828 2576 de
1851 2545 2007 2585 Miffenden
2026 2547 2089 2577 alias
2111 2546 2267 2586 Miffinden

1198 2594 1300 2620 magna
1315 2583 1448 2614 Diocesis
1474 2582 1684 2623 Lincolnienfis‚
1703 2583 1937 2622 quandocunque
1959 2594 2008 2622 per
2032 2585 2267 2624 Refignarionem

1199 2623 1312 2652 Roberti
1337 2621 1490 2660 Lenthall,
1518 2621 1644 2660 Clerici,
1667 2622 1758 2653 Patris
1783 2622 1841 2661 sui,
1857 2624 1989 2661 proxime
2011 2626 2161 2655 vacaverit.
2202 2625 2269 2656 Dat²

1199 2660 1337 2691 vicesimo
1352 2660 1474 2697 septimo
1487 2661 1534 2691 die
1551 2660 1662 2691 Menfis
1682 2661 1852 2691 Novembris
1868 2661 1959 2693 Anno
1979 2661 2103 2693 Domini
2130 2665 2214 2702 1627,
2233 2665 2269 2695 ὃς

1198 2697 1403 2729 Transsationis
1419 2700 1508 2729 Anno
1528 2709 1575 2738 17.

1235 2736 1438 2768 Confirmatio.
1476 2737 1566 2768 Teste
1582 2737 1670 2776 Rege
1682 2738 1758 2777 apud
1777 2736 2056 2778 Wstmonasterium‚
2076 2740 2214 2771 vicesimo
2229 2751 2265 2775 οη

1199 2775 1287 2807 &avo
1302 2776 1348 2806 die
1363 2776 1542 2807 Novembris.

1234 2849 1347 2884 Elizeus
1361 2856 1532 2891 Lawrence,
1551 2853 1700 2892 Clericus,
1716 2853 1754 2884 A.
1773 2852 1823 2882 Μ.
1843 2852 2038 2896 utsue'cedere
2058 2854 2140 2886 liceat
2155 2857 2189 2888 ad
2204 2855 2267 2888 Re-

1199 2891 1320 2922 &oriam
1336 2891 1464 2923 Ecclelie
1479 2891 1652 2923 Parochiaiis
1664 2891 1700 2922 de
1714 2890 1819 2934 Semkly
1841 2891 1973 2923 Diocesis
1994 2896 2092 2924 Sarum
2111 2903 2164 2930 per
2180 2894 2266 2926 Mor-

1200 2939 1260 2961 tem
1271 2930 1369 2960 Thome
1383 2934 1553 2969 Lawrenre,
1572 2930 1697 2967 Clerici,
1716 2929 1807 2959 Patris
1825 2929 1883 2967 sui,
1904 2939 2064 2961 vacantem.
2101 2931 2171 2964 Dat'
2187 2935 2267 2965 vice-

1200 2969 1273 3036 sirnq
1286 2971 1389 3037 qunto
1402 2969 1447 3000 die
1465 2969 1571 3000 Menlis
1585 2969 1725 3008 Januarii
1740 2967 1832 2998 Anno
1841 2968 1968 3001 Domini
1986 2970 2074 3009 1627,
2093 2970 2267 3003 &Transsa-

1200 3015 1263 3038 tron
1275 3017 1287 3037 s
1331 3016 1391 3038 nno
1406 3017 1418 3037 1
1445 3031 1452 3037 .

1239 3016 1445 3076 Confirmatig.
1491 3042 1581 3076 Teste
1605 3044 1689 3084 Rege
1714 3043 1789 3083 apud
1815 3045 2073 3087 Westmonasterium
2087 3070 2098 3084 ‚
2126 3047 2264 3079 vibefimo

1198 3084 1277 3115 sexro
1293 3084 1339 3114 die
1356 3084 1503 3123 Januarii.

1233 3160 1348 3190 Thomas
1355 3163 1510 3192 Lawrence
1517 3186 1528 3198 ,
1536 3159 1667 3191 Clericus
1676 3184 1685 3198 ,
1695 3158 1731 3191 A.
1744 3159 1792 3191 M.
1800 3167 1832 3192 ut
1845 3160 1993 3193 succedere
2006 3163 2087 3193 liceat
2102 3161 2135 3191 ad
2145 3160 2261 3193 Recto:

1197 3200 1267 3229 riam
1283 3199 1408 3231 Ecclesie
1422 3200 1596 3232 Parochialis
1617 3199 1654 3230 de
1667 3203 1797 3239 compton
1820 3200 1921 3230 Abbas
1936 3200 2071 3230 Diocesis
2086 3199 2196 3238 Brrstol’
2212 3211 2263 3238 per

1198 3238 1330 3268 Mortem
1352 3239 1450 3269 Thome
1460 3242 1616 3269 Lawrence
1628 3260 1638 3275 ,
1657 3237 1784 3277 Clerici,
1803 3239 1894 3269 Patris
1916 3238 1971 3276 sui,
1991 3246 2149 3268 vacantem.
2189 3238 2260 3271 Dat'

1197 3277 1357 3307 undecimo
1372 3277 1421 3309 die
1445 3278 1587 3308 Februarii
1610 3276 1700 3307 Anno
1719 3276 1848 3308 Domini
1862 3278 1882 3297 *ἓ
1905 3277 1995 3314 1627,
2013 3276 2047 3307 &
2063 3275 2410 3328 Transsationisoxvnffg

1196 3317 1435 3424 ἒῐέἕηένῖτῆεςῇο.
1471 3353 1561 3386 Teste
1576 3353 1659 3393 Rege
1677 3353 1754 3393 apud
1778 3351 2056 3393 Wstmonasterium,
2080 3352 2258 3387 duodecimo
2276 3337 2357 3365 ¹⁰¹⁰³

1217 3403 1243 3424 le
1280 3404 1294 3422 ί·
1328 3403 1407 3423 uari!-

1233 3470 1330 3500 Tobias
1343 3467 1477 3507 Marlar,
1495 3468 1627 3500 Clericus
1637 3492 1647 3507 ,
1666 3469 1701 3500 A.
1716 3468 1748 3499 Β.
1766 3477 1797 3500 ut
1811 3467 1959 3498 succedere
1972 3468 2055 3500 liceat
2070 3468 2105 3500 ad
2116 3468 2260 3503 Vicariam

1196 3517 1364 3548 perpetuam
1381 3507 1506 3539 Ecclelie
1520 3508 1694 3539 Parochialis
1711 3509 1748 3538 de
1763 3504 1880 3537 Michell
1892 3505 1991 3535 creech
2007 3507 2138 3537 Diocefis
2152 3510 2260 3540 Batho-

1197 3547 1295 3587 nienfis
1312 3547 1346 3577 &
1368 3545 1523 3586 Wllerfis,
1545 3557 1594 3584 per
1610 3546 1742 3576 Mortem
1763 3544 1888 3575 Davidis
1907 3544 2041 3587 Marlqr,
2059 3546 2184 3586 Clerici,
2202 3548 2257 3578 Pa-

1197 3587 1245 3617 tris
1258 3586 1297 3616 sui
1314 3593 1473 3616 vacantem.
1511 3585 1579 3615 Dat'
1593 3585 1709 3616 decimo
1723 3583 1829 3614 octavo
1846 3582 1892 3612 die
1907 3581 2014 3613 Mentis
2033 3584 2177 3615 Februarii
2192 3586 2256 3617 An-

1197 3635 1238 3656 no
1252 3624 1377 3654 Domini
1396 3623 1484 3662 1627,
1500 3625 1533 3654 ὃς
1551 3623 1755 3654 Transsationis
1770 3622 1857 3651 Anno
1873 3629 1921 3657 17.
2109 3661 2113 3666 .

1233 3662 1435 3694 Confirmatio.
1471 3661 1558 3693 Teste
1573 3662 1656 3700 Rege
1672 3660 1744 3699 apud
1759 3658 2016 3698 Welbrnonafi‘erium
2024 3682 2034 3697 ‚
2049 3659 2166 3692 decimo
2180 3662 2261 3694 oeta.

1197 3712 1237 3734 vo
1252 3704 1298 3733 die
1311 3701 1463 3731 Februarii.

1237 3778 1416 3816 Benjamr'nus
1432 3777 1575 3814 Tomkins,
1592 3774 1739 3812 Clericus,
1759 3773 1794 3804 A.
1824 3773 1873 3803 M.
1897 3781 1928 3805 ut
1946 3772 2097 3806 succedere
2117 3771 2262 3808 liceat'ad

1200 3818 1373 3850 Redioriarn
1386 3816 1512 3845 Ecclesie
1526 3814 1694 3844 Parochialis
1705 3814 1742 3843 de
1758 3810 1894 3851 Harpoole
1910 3812 2040 3844 Diocesis
2053 3816 2263 3856 Petriburgenfic

1201 3856 1375 3895 quandocun
1399 3863 1434 3882 ue
1456 3853 1597 3884 vacaverit
1616 3861 1665 3891 per
1689 3851 1821 3881 Mortem
1842 3853 1886 3880 vel
1909 3851 2143 3890 Relignationem
2163 3856 2262 3884 Thome

1201 3894 1360 3931 Tompkins,
1406 3892 1501 3928 lerici,
1522 3891 1606 3921 Patris
1628 3889 1677 3918 sui.
1717 3889 1784 3920 Dat'
1806 3889 1944 3932 vicesimo
1963 3892 2059 3928 primo
2079 3893 2126 3922 die
2153 3892 2262 3924 Menlis

1202 3933 1344 3964 Februarii
1360 3931 1446 3960 Anno
1463 3929 1586 3958 Domini
1605 3927 1702 3966 1627,
1720 3929 1754 3958 &
1770 3926 1975 3959 Transsationis
1988 3931 2077 3960 Anno
2098 3939 2142 3968 17.

1238 3968 1445 4000 Confirmatio.
1470 3966 1562 3998 Teste
1578 3965 1660 4005 Rege
1675 3965 1750 4005 apud
1766 3965 2021 4006 Wstmonasterium
2030 3991 2041 4008 ,
2060 3969 2196 4001 vicelirno
2210 3978 2265 4001 ter=

1205 4010 1247 4041 tio
1262 4008 1308 4040 die
1321 4007 1472 4037 Februarii.

1701 4039 1732 4072 1³
1752 4051 1767 4082 3
2226 4047 2273 4076 Da
