2536 4255
13 256 63 278 nn.
77 241 118 274 D.

14 284 98 322 1630.

15 336 40 351 a.
59 324 85 350 6.

11 371 89 392 itt-1.

0 913 93 941 xix.

0 3866 102 3897 ⁸X1X.

0 3916 38 3943 24.

671 151 783 197 ET
866 151 1134 196 ACTA
1217 150 1690 208 PUBL-ICA.

131 246 207 278 cium
224 244 476 276 convehendartim
490 266 498 279 ,
525 242 570 273 sed
588 243 672 274 etiam
689 251 757 272 cum
772 241 827 271 aliis
839 241 891 271 suis
908 242 1024 281 navigiis
1039 242 1150 272 armatis
1166 239 1201 271 ad

131 284 258 316 hostium
281 286 402 317 imperim
428 282 607 313 cohibendos
626 282 748 318 paratis,
774 280 829 309 five
851 281 879 308 vi
902 280 1074 317 tempestatis
1088 280 1203 318 appule-

131 326 188 354 rint
225 323 282 352 five
295 318 331 352 ai
341 321 500 352 reficiendas
519 329 602 350 naves
617 319 662 348 vel
676 318 710 347 ad
724 318 879 347 emendum
896 328 1092 349 commeatum
1110 319 1201 348 modo

131 363 150 393 si
164 345 262 399 sponte
279 361 440 391 accefferint
457 367 607 389 numerum
623 357 737 391 iex,vel
754 357 825 386 octo
841 357 956 385 navium
973 368 1031 387 non
1046 358 1200 394 excedant,

132 410 226 438 neque
244 400 346 430 diutius
363 399 407 428 vel
422 399 450 427 in
468 397 620 434 portubus,
637 396 682 424 vel
699 396 774 424 circa
790 404 886 432 portus
901 395 1028 426 hier-eant
1043 418 1052 433 ,
1076 397 1202 439 vel-per·-

135 439 230 470 fistant
245 449 330 477 quam
345 437 396 466 illis
415 436 449 466 ad
466 434 656 464 refectionem
671 456 680 470 ,
708 433 740 462 &
755 433 804 463 alia
821 434 968 463 neceilarizi
987 435 1103 471 paranda
1119 439 1201 465 tuerit

133 478 246 509 necesse
261 501 270 514 ,
296 487 332 506 ne
351 474 559 511 impedimento
575 471 786 508 quoquomodo
799 472 849 501 fint
863 472 954 502 libero
967 473 1080 502 aliarum
1097 474 1201 503 amica-

131 527 195 548 rum
210 518 359 546 nationum
372 510 533 541 intercursui
550 534 559 547 ,
577 510 609 540 δε
626 511 806 540 commercio
822 520 828 539 :
858 510 922 541 Ubi
939 520 1033 541 autem
1049 512 1085 541 de
1101 513 1200 549 majori

131 565 253 585 numero
277 553 392 583 navium
411 558 579 580 armatarum
595 557 691 586 agatur
704 571 714 586 ,
739 557 808 579 tunc
825 559 885 579 non
907 550 956 579 nifi
972 550 1104 581 consulto
1119 550 1201 588 Rege

130 594 211 624 liceat
224 591 334 625 inaredi
350 601 359 626 3
385 591 418 620 ὃ(
433 588 522 617 modo
540 588 568 617 in
583 587 665 618 dictis
680 589 817 624 portubus
831 587 898 617 nihil
917 588 1055 618 hostiliter
1071 597 1155 628 agant
1170 590 1199 618 in

130 623 325 670 praejudicium
343 627 469 664 ipsorum
487 626 602 665 Regum
618 649 627 664 ,
644 625 689 656 sed
706 635 736 656 ut
752 627 838 656 amici
854 627 1081 667 &confederati
1096 628 1198 666 degant

131 673 166 702 &
181 667 389 705 conquiescant.
1089 705 1104 709 ..
1179 705 1183 709 ἡ

167 707 236 738 Hoc
253 708 362 742 semper
378 713 463 735 cauto
477 728 486 740 ,
505 713 541 733 ne
555 702 605 733 sub
619 703 716 733 colore
734 703 767 734 ὅ(
783 711 920 740 praeteittu
935 713 1104 734 commercii
1123 714 1200 734 auxi-

132 747 166 776 lia
190 746 281 782 aliqua
301 745 357 774 five
380 751 558 773 commeatus
575 763 584 778 ‚
616 741 672 771 five
694 751 840 771 armorum
864 741 919 772 five
941 741 1197 773 instrumentorum

130 784 300 814 bellicorum
321 805 330 820 ,
355 782 410 813 five
430 781 549 819 cujusvis
563 780 670 809 alterius
685 780 780 809 bellici
798 781 889 810 auxilii
906 789 994 818 genus
1010 804 1020 818 ,
1045 782 1078 811 ad
1096 782 1198 813 utilita-

128 831 188 853 tem
207 824 240 854 &
258 821 430 852 beneficium
448 821 528 850 unius
546 841 555 855 ,
573 817 619 848 vel
634 818 745 848 alterius
762 818 850 857 Regis
864 841 874 856 ,
901 828 949 854 per
964 829 1062 849 eorum
1082 819 1197 859 Regum

128 860 254 892 subditos
269 882 278 897 ,
307 860 436 891 vals-allos
448 881 457 896 ,
481 857 527 888 vel
545 856 651 886 incolas
665 857 848 894 quoscunque
862 856 1021 887 deferantur
1039 881 1048 897 ‚
1074 858 1120 888 sed
1136 860 1198 897 qui-

134 909 248 937 cunque
264 900 327 929 hrec
351 900 368 917 *
379 896 589 928 atttentaverint
604 896 746 925 acerrimis
764 896 858 932 poenis
874 897 1023 934 puniantur
1041 897 1143 934 quibus
1160 899 1201 928 se-

132 938 227 969 ditiosi
242 962 251 975 ,
279 939 311 968 &
328 937 410 973 fidei,
429 937 462 966 &
477 935 552 972 pacis
568 933 732 964 infractores
749 935 876 964 coerceri
891 933 987 966 solent.
1026 933 1068 965 Ita
1084 944 1115 966 ut
1131 937 1198 967 sub-

130 978 182 1008 diti
197 978 278 1007 unius
293 979 320 1007 in
334 975 473 1007 territorio
489 973 599 1003 alterius
614 982 672 1002 non
690 973 765 1009 peius
782 973 935 1004 tractentur
950 996 960 1011 ,
986 983 1073 1012 quam
1090 974 1198 1013 ipsimet

129 1016 268 1046 naturales
316 1016 345 1045 in
367 1012 532 1045 venditione
555 1013 587 1043 &c
608 1012 834 1041 contractatione
855 1011 964 1042 suarum
982 1014 1120 1042 mercium
1136 1022 1195 1044 tam

129 1056 239 1086 tatione
254 1039 361 1092 pr'aelii,
378 1062 465 1090 quam
480 1051 557 1081 aliter
572 1073 582 1088 ,
601 1049 646 1080 sed
664 1060 729 1087 par,
749 1051 780 1080 ὃς
798 1060 878 1088 aequa
892 1050 923 1080 sit
940 1051 968 1080 in
984 1051 1125 1089 praediffi‘cis
1137 1060 1194 1081 tam

128 1094 284 1125 forensium
298 1102 385 1132 quam
400 1090 570 1121 naturalium
582 1089 712 1119 conditio
728 1111 737 1126 ,
763 1097 825 1119 non
840 1089 1016 1120 obstantibus
1030 1090 1200 1128 quibuscun-

130 1142 188 1170 que
201 1132 307 1162 statutis
324 1131 367 1161 vel
385 1128 634 1160 consuetudinibus
648 1129 677 1156 in
693 1129 876 1157 contrarium.

170 1180 199 1209 9.
219 1170 297 1201 Item
316 1177 495 1200 conventum
511 1189 521 1204 ,
546 1167 578 1196 ὅς
594 1166 749 1196 stabilitum
771 1166 824 1196 fuit
840 1188 849 1209 ,
875 1166 908 1196 &
921 1164 962 1195 est
977 1188 987 1203 ,
1013 1165 1093 1210 quod
1106 1166 1200 1210 didius

129 1208 328 1239 Sereniffimus
352 1207 419 1238 Rex
440 1205 552 1242 Angliae
574 1205 741 1244 prohibebit
758 1228 767 1241 ,
795 1203 959 1241 Edictoque
992 1204 1087 1234 ublico
1103 1204 1198 1237 statim

130 1247 196 1287 post
210 1247 402 1277 firmationem
418 1244 597 1283 praesentiuin
612 1242 815 1279 Capitulorum
832 1242 963 1281 publicati
984 1252 1004 1272 o
1017 1244 1144 1280 cavebit,
1163 1254 1200 1275 ne

129 1287 228 1324 aliquis
244 1286 304 1316 suus
320 1285 444 1315 subditus
459 1307 468 1321 ,
497 1283 590 1313 incola
603 1304 612 1318 ,
639 1281 683 1311 vel
696 1280 822 1310 vaffallus
835 1302 844 1317 ‚
869 1280 942 1323 levet
956 1303 965 1318 ,
992 1289 1040 1312 aut
1055 1282 1200 1314 transferat

127 1323 342 1364 quoquomodo
358 1323 465 1353 direcste
479 1322 528 1352 vel
540 1330 588 1357 per
602 1319 771 1361 indireiftum
787 1327 902 1357 proptio
916 1320 1052 1357 nomine,
1074 1321 1118 1352 vel
1133 1321 1199 1352 alie-

130 1374 173 1395 no
191 1375 196 1381 ⁴
226 1373 280 1393 nec
304 1363 426 1400 aliquam
441 1360 538 1390 navim
554 1365 600 1388 aut
613 1357 687 1386 aliud
708 1356 874 1387 vehiculum
893 1381 903 1395 ‚
927 1357 973 1389 vel
990 1368 1101 1389 nomen
1116 1359 1197 1390 suum

130 1388 334 1433 conimodabit
360 1399 394 1429 ad
414 1396 638 1429 transferendum
663 1394 709 1426 vel
739 1395 946 1426 traducendum
965 1396 1068 1435 aliquas
1088 1408 1173 1429 naves
1188 1422 1198 1438 ,

127 1450 240 1471 merces
267 1437 473 1470 manufadwras
483 1434 546 1472 ,vel
560 1435 667 1474 quaevis
685 1434 735 1464 alia
750 1443 783 1464 ex
792 1434 943 1464 Hollandia
959 1434 996 1470 ὠν
1008 1435 1148 1467 Zelandia
1164 1441 1196 1468 in

126 1463 278 1518 Hispaniizs
293 1500 301 1514 ,
333 1485 367 1506 ac
388 1475 439 1505 alia
462 1473 568 1510 Regna
589 1473 622 1503 &
647 1472 787 1502 Dominia
809 1473 891 1509 ipfius
912 1473 1084 1504 Sereniffimi
1110 1476 1197 1515 Regis

125 1517 325 1556 Hispaniarum
342 1537 352 1552 ,
376 1523 432 1543 nec
447 1512 568 1550 aliquem
584 1510 778 1542 Mercatoretn
796 1511 965 1542 Hollandnm
980 1512 1032 1542 vel
1042 1512 1196 1545 zelandum

126 1557 157 1586 in
178 1556 229 1585 suis
243 1555 360 1584 navibus
373 1551 518 1582 transferet
534 1573 544 1589 ,
568 1548 602 1580 ad
617 1550 705 1580 dietas
721 1558 808 1588 partes
823 1551 872 1580 sub
887 1559 974 1589 poena
989 1552 1192 1589 indignationis

124 1593 216 1632 Regis
230 1615 240 1630 ,
265 1594 298 1624 ὃς
313 1591 430 1622 aliarum
445 1599 597 1627 poenarum
610 1589 858 1625 contemptoribus
872 1589 1068 1620 mandatorum
1087 1590 1197 1631 Regio-

127 1641 193 1662 rum
207 1631 396 1667 indfflarunn
421 1629 455 1660 &
469 1628 502 1658 ad
518 1627 657 1658 effeetum
671 1635 702 1657 ut
719 1627 807 1665 magis
820 1637 935 1658 cautum
954 1628 986 1657 fit
1000 1651 1010 1666 ,
1034 1639 1070 1660 ne
1086 1630 1198 1662 fraudes

125 1670 276 1709 sequantur
291 1669 330 1699 ob
346 1667 557 1699 similitudinem
573 1667 712 1696 mercium
723 1688 732 1703 ,
745 1666 871 1703 praesenti
882 1665 1017 1705 Capitulo
1027 1676 1145 1699 cautum
1153 1669 1195 1701 est

124 1717 158 1740 ut
176 1718 284 1739 merces
299 1717 332 1737 ex
349 1705 474 1744 Anglia,
491 1708 581 1735 Scotia
594 1706 627 1735 ὅτ
644 1704 780 1733 Hibernia
794 1705 967 1736 advehendae
985 1706 1030 1736 vel
1048 1707 1196 1738 traducen-

125 1747 172 1778 dae
185 1748 219 1778 ad
236 1746 339 1783 Regna
353 1747 385 1776 &
402 1744 543 1774 Dominia
556 1743 627 1773 dieti
645 1742 730 1782 Regis
745 1742 942 1782 Hispaniarum
963 1744 1079 1782 registro
1094 1740 1195 1785 Villae,

124 1787 171 1816 vel
186 1779 336 1821 Civiraiis‚
351 1793 384 1814 ac
397 1782 499 1817 sigillo
515 1791 548 1812 ex
564 1791 619 1819 qua
635 1781 799 1812 levabantur
813 1781 997 1821 obsignentur
1015 1792 1020 1811 :
1048 1783 1144 1821 Atque
1158 1786 1195 1815 ita

123 1823 282 1861 obsignatae
311 1823 368 1852 fine
391 1821 559 1851 difficultate
583 1820 673 1857 aliqua
692 1828 738 1850 aut
763 1820 921 1857 quaestione
945 1830 1116 1860 quacunque
1142 1833 1194 1861 pro

124 1862 290 1900 Anglicanis
302 1885 312 1900 ,
336 1862 443 1890 Scoticis
465 1858 502 1894 &
522 1858 674 1888 Hibernicis
694 1858 846 1889 habeantur
863 1881 872 1897 ,
896 1860 929 1891 &
942 1859 1097 1897 respective
1115 1862 1193 1899 juxta

122 1901 360 1940 approbationem
377 1899 567 1936 approbentur
582 1922 591 1934 ,
610 1897 680 1928 salva
694 1897 861 1935 probatione
875 1897 977 1928 fraudis
994 1910 1003 1935 ·,
1032 1909 1091 1929 non
1106 1909 1191 1931 retar-

126 1940 195 1970 dato
211 1948 307 1969 tamen
322 1947 376 1968 nec
392 1936 532 1974 impedito
544 1936 623 1966 cursu
641 1937 788 1965 mercium.
828 1935 885 1966 111ae
898 1946 965 1967 vero
981 1946 1106 1975 merces,
1127 1949 1192 1977 quae

127 1987 185 2008 nec
202 1975 370 2016 registratae,
387 1985 441 2006 nec
457 1975 580 2013 sigillatae
595 1975 717 2011 fuerint,
735 1974 833 2005 cadant
847 1975 876 2005 in
890 1973 1140 2013 confiscationem,
1159 1980 1192 2010 &

125 2017 181 2047 sint
202 2015 251 2054 (ut
266 2014 388 2050 dicitnr]
402 2014 438 2044 de
453 2015 530 2044 bona
547 2012 640 2052 praeda
657 2023 664 2043 z
692 2011 729 2042 Et
746 2013 869 2044 similiter
886 2024 988 2045 omnes
1007 2014 1142 2046 Hollandi
1157 2018 1192 2048 &

126 2054 247 2084 zelandi
260 2077 269 2093 ,
298 2054 347 2093 qai
370 2053 401 2084 in
419 2052 501 2083 dictis
522 2052 640 2083 navibus
654 2052 821 2089 reperiantur
836 2074 846 2091 ,
872 2052 976 2091 poffint
993 2055 1104 2094 capi&
1118 2065 1192 2087 arre-

123 2093 200 2124 stari.

163 2141 208 2163 10.
227 2130 335 2162 Pariter
350 2131 436 2161 etiarn
458 2137 635 2160 conventum
651 2128 693 2160 est
709 2151 719 2167 ,
744 2129 821 2167 quod
843 2133 996 2174 Britanicae
1010 2153 1020 2168 ,
1045 2133 1142 2163 Scotiae
1157 2134 1190 2165 δε

122 2170 266 2200 Hiberniae
286 2179 395 2201 merces
413 2169 500 2200 libere
521 2168 627 2206 possint
647 2177 680 2199 ex
707 2168 805 2199 iisdem
828 2167 936 2207 Regnis
951 2179 980 2199 in
1000 2169 1166 2210 Hispaniam
1182 2195 1192 2211 ,

123 2210 280 2248 ceterasque
309 2208 481 2240 Sereniffimi
501 2207 626 2245 ejusdem
649 2206 737 2250 Regis
758 2206 927 2239 Provincias
941 2207 1042 2240 adferri
1060 2233 1070 2247 ,
1096 2209 1192 2241 solutis

123 2247 238 2279 tandem
253 2248 349 2287 datiis,
366 2257 399 2277 ac
413 2246 515 2277 telonis
528 2245 677 2277 consuetis.

167 2297 212 2317 11.
233 2285 424 2317 Conventum
443 2286 530 2315 etiam
549 2284 607 2320 est,
628 2285 661 2316 &
680 2283 833 2315 stabilitum
852 2285 930 2322 quod
947 2286 1106 2325 mercibus,
1124 2296 1192 2325 quas

126 2324 305 2356 Mercatores
324 2324 431 2363 Angli,
450 2327 520 2354 Scoti
538 2321 576 2358 &
595 2323 710 2353 Hiberni
730 2333 829 2354 emerit
847 2325 878 2353 in
892 2323 1051 2364 Hispaniis,
1072 2326 1118 2357 vel
1135 2326 1193 2357 aliis

123 2363 240 2401 Regnis
264 2364 334 2395 diiii
350 2361 525 2394 Sereniffimi
543 2362 634 2402 Regis
648 2360 842 2400 Hispaniarum
856 2384 866 2400 ,
891 2364 923 2394 ὃς
948 2364 977 2393 in
1003 2365 1124 2402 propriis
1141 2375 1193 2395 eo-

123 2411 188 2432 runi
214 2402 335 2433 navibus
353 2425 363 2440 ,
387 2401 435 2433 vel
453 2400 603 2432 conductis
619 2422 629 2438 ,
655 2401 699 2431 vel
721 2401 915 2431 commodatis
935 2401 967 2431 ad
983 2412 1086 2432 eorum
1109 2403 1190 2434 usum

126 2440 264 2477 (exceptis
279 2450 376 2472 tamen
394 2449 426 2472 ut
439 2440 559 2478 superius
573 2439 683 2469 dietum
696 2439 736 2469 est
752 2439 869 2471 navibus
883 2440 1081 2471 Hollandorum
1090 2442 1124 2473 &
1134 2443 1190 2473 Ze-

122 2478 279 2514 Iandorum)
301 2489 377 2510 nova
401 2479 471 2509 datia
485 2501 495 2516 ,
526 2479 560 2509 &
581 2477 731 2516 vediigalia
750 2488 809 2508 non
826 2487 978 2517 augeantur
995 2502 1005 2517 ,
1026 2480 1121 2511 modo
1135 2481 1193 2513 illas

124 2526 236 2549 merces
255 2517 446 2553 conducant,
470 2519 503 2549 &
518 2516 645 2547 deferant
665 2516 698 2547 ad
717 2516 818 2555 Regna
833 2516 900 2549 dicti
915 2517 1086 2549 Serenissimi
1101 2519 1190 2559 Regis

121 2554 238 2593 Angliae
271 2556 316 2586 vel
330 2555 364 2586 ad
377 2562 475 2594 portus
484 2555 703 2586 Provinciarum
712 2556 896 2594 Belgicarum,
911 2558 1190 2597 obtemperantium,

122 2594 156 2625 &
176 2594 210 2624 ad
233 2579 320 2624 finem
344 2604 382 2624 ne
402 2593 477 2624 fraus
496 2593 624 2632 sequatur
639 2616 648 2629 ,
666 2595 699 2624 &
715 2603 751 2624 ne
766 2594 854 2625 diffitas
870 2604 978 2626 merces
990 2596 1024 2626 ad
1042 2595 1091 2626 alia
1106 2596 1189 2636 loca,

121 2633 155 2664 &
171 2631 273 2672 Regna
286 2656 295 2672 ,
320 2632 353 2663 &
371 2634 399 2663 iri
423 2632 514 2669 specie
527 2632 562 2663 ad
576 2630 756 2663 Hollandiam
772 2633 804 2664 δε
821 2632 988 2664 Zellandum
1010 2634 1190 2675 deferantur,

122 2672 290 2702 conclusum
311 2670 353 2701 est
382 2671 461 2710 quod
476 2670 547 2702 dicti
571 2680 740 2702 mercatores
760 2671 786 2702 se
800 2671 967 2710 obligabunt
984 2681 1115 2712 ternpore
1130 2685 1190 2711 quo

121 2711 282 2741 onerabunt
305 2719 390 2742 naves
412 2711 440 2740 in
463 2708 601 2748 Hispania
615 2732 625 2747 ,
649 2710 695 2741 vel
712 2709 770 2740 aliis
786 2709 894 2750 Regnis
909 2712 944 2742 &
960 2710 1106 2742 Dominiis
1119 2713 1191 2744 dieti

122 2748 297 2779 Sereniffimi
313 2748 406 2787 Regis
424 2747 642 2788 Hispaniarum,
664 2749 767 2786 quibus
786 2748 881 2786 supra,
903 2759 1001 2780 coram
1017 2749 1188 2789 Magistratu

119 2786 178 2818 loci
195 2809 202 2820 ‚
227 2788 256 2817 in
283 2796 343 2824 quo
363 2796 471 2818 merces
494 2787 629 2818 levabunt
650 2786 686 2817 de
702 2786 839 2818 solvendo
862 2788 994 2828 vectigali
1011 2790 1121 2829 triginta
1136 2801 1189 2829 pro

120 2834 256 2863 centum,
276 2826 325 2855 ubi
339 2825 427 2855 dietas
437 2835 545 2856 merces
556 2825 590 2855 ad
605 2826 667 2856 alias
680 2825 847 2858 Provincias
860 2826 1001 2866 deferant,
1019 2829 1053 2860 &
1067 2829 1102 2859 de
1116 2838 1189 2860 con-

121 2863 252 2902 fignanda
267 2862 473 2894 certificatione
491 2873 506 2893 a
529 2862 740 2903 Magistratibus
762 2865 893 2895 locorum
910 2866 1067 2897 obtinenda
1082 2875 1189 2898 exone-

122 2903 239 2943 rationis
249 2902 392 2932 di&arum
411 2902 552 2931 mercium
569 2924 578 2940 ,
595 2901 639 2932 vel
652 2902 805 2941 in„Regno
818 2903 931 2941 Angliae
946 2904 990 2934 vel
1004 2906 1034 2936 in
1051 2907 1189 2942 portubus

120 2939 360 2979 Provinciarum,
379 2940 430 2971 sub
444 2939 609 2970 obedientia
630 2941 663 2970 &
679 2939 828 2984 Dominio
850 2942 918 2973 dieti
935 2942 1024 2981 Regis
1038 2944 1189 2984 Hispania-

119 2988 181 3008 rum
196 2979 376 3008 existentium
390 3001 401 3017 ,
424 2979 550 3009 termino
564 2978 718 3009 duodecim
732 2985 870 3009 mentium
880 3003 889 3017 ,
909 2989 964 3018 qua
978 2982 1181 3014 certificatione

120 3015 247 3085 exhibita:i
259 3017 444 3056 obligationes
457 3018 531 3056 prius
547 3017 621 3048 datae
640 3017 761 3048 eandem
776 3018 1014 3050 certificationem
1035 3020 1188 3054 adferenti-

121 3056 174 3086 bus
189 3062 229 3086 tra
250 3063 341 3085 entur.

161 3103 205 3124 12.
224 3093 319 3132 Qiod
332 3092 526 3124 Sereniffimus
543 3093 610 3125 Rex
629 3093 745 3133 Angliae
765 3095 929 3133 prohibebit
943 3095 1037 3127 statim
1057 3097 1121 3136 post
1137 3098 1185 3129 fir-

118 3133 278 3163 mationem
299 3131 441 3169 praesentis
463 3131 641 3163 Concordiae
654 3156 664 3171 ,
689 3133 768 3171 quod
787 3134 877 3165 nullus
896 3136 1055 3172 exportabit
1074 3146 1183 3168 merces

117 3180 153 3201 ex
170 3170 310 3210 Hispaniis
328 3168 375 3200 vel
391 3169 449 3200 aliis
464 3169 573 3209 Regnis
588 3170 762 3202 Sereniffimi
781 3172 871 3209 Regis
885 3172 1081 3213 Hispaniarum
1095 3176 1185 3207 aliun-

118 3210 156 3241 de
173 3209 336 3241 deferendas
362 3218 449 3246 quarn
474 3208 509 3239 ad
529 3208 627 3248 Regna
650 3211 720 3248 sua,
738 3210 771 3242 &
789 3211 880 3242 dietus
900 3222 996 3250 portus
1015 3213 1182 3246 Provincia·

118 3257 184 3279 rum
204 3247 376 3286 Belgicarum
393 3246 589 3279 obedientium
603 3270 614 3285 ,
638 3247 689 3279 sub
715 3258 802 3286 poena
820 3249 1032 3282 confiscationis
1047 3254 1186 3285 omnium

118 3287 239 3325 ipsarum
267 3286 410 3317 mercium
428 3286 520 3317 versus
538 3285 636 3317 fiscum
663 3286 733 3318 dieti
751 3287 925 3320 Serenissimi
945 3289 1031 3329 Regis
1048 3291 1182 3331 Angliae,

119 3326 184 3357 data
200 3325 348 3356 medietate
365 3323 505 3355 dictarum
525 3326 665 3356 mercium
680 3349 690 3363 ‚
716 3326 762 3357 seu
778 3327 880 3358 valoris
897 3327 1085 3369 notificatori,
1102 3332 1136 3363 &
1155 3332 1184 3362 in

140 3365 216 3395 rimis
233 3363 360 3394 deducto
379 3362 457 3395 datio
474 3364 587 3404 triginta
606 3373 659 3403 pro
677 3372 794 3396 centum
813 3365 892 3404 quod
911 3367 1034 3399 solvetur
1052 3369 1184 3401 ministris

118 3373 273 3440 Biz-putatis
289 3400 460 3433 Sereniffimi
478 3401 564 3442 Regis
581 3402 779 3442 Hzſjmniarum
793 3427 803 3443 ,
822 3404 945 3436 adhibita
963 3405 1019 3437 fide
1038 3409 1184 3445 probatio-

118 3443 203 3473 nibus
221 3441 367 3480 legittimis
382 3441 411 3470 in
429 3439 570 3480 Hispaniis
588 3443 706 3480 receptis
720 3465 730 3480 ,
757 3443 786 3473 in
813 3444 949 3482 Angliam
968 3446 1184 3478 transmittendis

116 3482 148 3513 in
166 3480 325 3511 authentica
343 3479 443 3510 forma.
461 3480 631 3512 Declaratur
647 3482 735 3511 etiarn
749 3481 935 3519 supradictam
954 3484 1182 3521 prohibitionem

119 3520 265 3551 mercium
283 3517 520 3556 exportandarum
542 3527 577 3549 ex
595 3517 736 3558 Hispaniis
755 3521 790 3550 ad
808 3521 859 3551 alia
877 3532 963 3559 quarn
983 3520 1018 3553 ad
1036 3526 1183 3554 Britanica

120 3557 228 3596 Regna
245 3558 279 3588 &
297 3557 461 3587 obedientes
484 3556 647 3588 Provincias
666 3557 805 3588 Flandriae
829 3560 910 3590 nullo
929 3562 1022 3592 modo
1041 3562 1085 3593 illa
1102 3563 1182 3603 Reg-

119 3606 156 3627 na
173 3598 207 3628 &
226 3596 368 3626 Dominia
383 3594 646 3633 comprehendere,
661 3607 725 3635 quae
745 3597 883 3636 Hispania»
902 3598 949 3629 Re
970 3610 1075 3631 riorum
1093 3601 1183 3633 libero

118 3636 250 3667 fruuntur
269 3635 465 3672 commerci03
483 3633 517 3663 ad
534 3634 588 3664 hos
600 3636 679 3665 enim
694 3636 795 3674 quibus
810 3646 878 3667 cum
891 3609 1032 3678 Hispaniis
1048 3648 1181 3672 mutuum

119 3673 161 3703 est
179 3674 409 3711 commercium,
427 3672 527 3702 subditi
544 3672 717 3704 Sereniffirni
734 3674 819 3714 Regis
834 3676 946 3714 Angliae
962 3678 1066 3708 horum
1081 3678 1182 3719 Htffia-

120 3714 175 3741 m‘ae
199 3713 376 3752 Regnorum
399 3720 506 3742 merces
526 3711 618 3748 (supra
634 3710 715 3743 diffis
733 3715 912 3745 cautionibus
930 3739 939 3754 ,
958 3716 991 3746 &
1007 3716 1182 3748 conditioni-

119 3749 195 3788 bus,
230 3751 382 3789 poenisque
407 3751 437 3781 in
462 3750 686 3788 praecedentibus
709 3752 835 3789 capitulis
858 3762 958 3784 contra
974 3755 1184 3792 transgressores

120 3788 250 3825 appofitis
261 3791 291 3820 in
302 3790 350 3821 suo
366 3790 490 3827 robore,
509 3791 543 3821 ὃς
561 3788 667 3819 effectu
682 3792 923 3830 permanentibus)
938 3802 1074 3831 poterunt
1087 3795 1183 3834 aspor—

120 3834 187 3857 tare.

158 3865 177 3884 *¹
188 3873 232 3903 13.
250 3864 321 3896 Item
333 3867 413 3905 quod
433 3866 525 3897 nullus
545 3865 727 3904 Magistratus
744 3866 950 3906 Villarum,vel
961 3870 1122 3903 Civitatum
1137 3872 1182 3904 di-

122 3904 238 3936 &orum
258 3902 429 3942 Regnorum
448 3906 563 3936 suorum
579 3929 588 3943 ,
606 3906 656 3943 qui
675 3905 890 3936 certificationes
909 3911 1115 3940 exonerationis
1131 3921 1182 3942 na·

121 3943 203 3972 vium
218 3942 322 3978 faciet,
340 3942 483 3983 fidemque
500 3945 536 3974 de
555 3944 691 3981 Registro
711 3946 850 3974 mercium
869 3945 966 3984 dabit,
983 3948 1087 3978 nullam
1105 3950 1133 3978 in
1148 3959 1181 3980 ea

123 3991 153 4013 re
169 3980 294 4011 admittat
314 3980 440 4012 fraudem
458 4006 467 4020 ,
489 3984 539 4014 sub
558 3993 647 4024 poena
665 3982 862 4022 indignationis
878 3983 969 4022 Regis
982 4007 992 4023 ,
1018 3987 1182 4024 privationis

123 4019 232 4056 officii,
249 4020 283 4049 &
302 4019 350 4049 alia
367 4021 482 4051 arbitrio
499 4023 556 4052 suo.

159 4067 206 4097 14.
225 4056 317 4096 Qiod
340 4057 452 4091 dietum
469 4059 511 4090 est
528 4060 565 4092 de
579 4060 671 4092 libero
685 4059 834 4092 dictorum
852 4059 1099 4093 Sereniffimorum
1118 4061 1181 4095 Re·

2234 180 2310 230 ης

1239 248 1309 279 gum
1335 243 1448 276 subditis
1471 250 1608 279 concesso
1633 254 1835 292 commercio,
1871 248 1899 286 id
1924 257 2013 295 ipsum
2034 258 2194 298 eodemque
2213 263 2303 293 modo

1242 280 1457 326 intelligendum
1493 288 1579 317 etiam
1610 290 1684 318 inter
1707 290 1831 322 subditos
1860 294 2077 326 P.ovin:iarum
2106 299 2300 331 obedientium

1236 317 1374 347 Flandrzae
1393 322 1426 351 ὃς
1450 322 1622 355 Sereniffimi

1238 365 1285 387 cet
1302 366 1332 387 ut
1351 358 1456 396 ubique
1474 360 1608 392 locorum
1628 364 1653 395 se

1241 403 1288 439 re,
1308 395 1391 433 seque
1409 399 1513 440 mutuis
1531 400 1781 446 officiisprosequi
1800 414 1960 447 teneantur-3
1978 412 2138 451 poilintque
2156 424 2227 445 terra
2242 427 2302 447 ma-

1239 443 1325 478 rique·
1339 437 1372 465 ὃς
1392 445 1471 479 aquis
1487 435 1616 481 dulcibus
1636 443 1693 482 {irie
1708 442 1803 479 aliquo
1815 445 1894 475 salvo
1915 450 2062 481 condustu
2078 473 2088 487 ,
2107 462 2160 483 nec
2181 454 2232 484 ulla
2251 465 2301 492 pen

1241 480 1289 502 tita
1307 473 1420 516 lieentia
1445 475 1565 512 generali
1584 485 1630 505 aut
1647 480 1755 513 ipeciali
1775 481 1808 510 ad
1824 483 1898 514 dicia
1918 484 2017 517 Restm
2033 512 2040 523 ,
2068 489 2207 523 Domino
2246 501 2302 524 ter-

1238 520 1295 548 ras,
1314 513 1408 554 villas,
1425 512 1530 550 oppida
1542 536 1550 550 ,
1570 514 1717 554 civitates,
1737 518 1829 549 littora
1843 545 1852 557 ,
1880 513 1999 563 portus,
2019 528 2051 557 ὃς
2069 528 2140 559 sums
2159 517 2300 569 quoffffln.

1237 558 1293 593 que
1311 550 1419 589 libere,
1445 559 1505 582 tute
1525 553 1558 582 ὃς
1578 551 1675 582 secure
1693 556 1825 586 accedere
1840 581 1848 594 ,
1874 561 1974 592 intrare
1989 587 1998 601 ‚
2023 567 2173 606 navigare,
2193 580 2301 602 merces

1238 597 1407 626 importare,
1427 596 1511 633 atque
1529 599 1684 628 reportare,
1701 600 1814 634 emere,
1833 605 1865 626 ac
1881 600 2018 638 vendere,
2036 604 2063 632 in
2084 605 2180 637 iisdem
2199 619 2302 646 qusni-

1237 625 1285 658 diu
1309 628 1453 659 voluerint
1470 627 1613 659 iubfistere
1628 652 1636 666 ,
1656 632 1772 669 venari,
1787 633 1820 662 &
1839 638 2010 675 conversari,
2029 650 2226 677 commeritum
2243 657 2300 678 res-

1237 673 1293 701 que
1310 666 1344 696 ad
1364 666 1474 696 vidium
1494 667 1527 697 ὃς
1545 667 1756 704 profectionem
1777 672 1936 703 neceilaiias·
1951 676 2028 712 justo
2048 682 2138 714 predo
2158 684 2204 713 fizu
2224 686 2297 716 affu-

1240 713 1335 742 mere,
1352 705 1531 735 restaurandis
1545 706 1664 742 navigiis
1679 706 1712 737 ὃς
1729 707 1863 738 vehiculis
1878 715 1994 749 propi-iis
2011 719 2158 750 ςοῃάῃξξτς
2171 724 2204 754 &
2214 735 2298 755 (Orn-

1237 742 1358 772 modatis
1375 753 1493 781 operam
1511 743 1594 781 dare;
1615 744 1696 775 illinc
1715 754 1784 776 cum
1801 748 1955 787 mercibus,
1975 753 2116 792 bonis,&
2136 747 2296 801 rebus-'qui-

1238 780 1421 819 buscunque,
1438 781 1550 820 solutis,
1564 783 1641 820 juxta
1659 783 1795 814 locorum
1816 783 1913 816 statuta
1928 809 1936 824 ,
1958 791 2077 826 teloniis,
2098 795 2130 824 ὅ(
2151 799 2300 831 veffioalfi.

1238 818 1289 848 bus
1306 821 1404 850 eadem
1419 821 1544 852 libertate
1560 822 1708 859 recedere,
1727 823 1839 861 negotia
1854 824 1898 854 sua
1916 824 2000 858 libere
2015 839 2162 872 exercere,
2177 825 2300 877 indgque

1236 858 1362 894 proprias
1376 881 1386 896 ,
1412 867 1460 890 aut
1485 859 1586 890 alienas
1607 860 1710 891 Patrias
1729 861 1959 901 quandocunque
1978 867 2063 899 velint
2081 892 2090 907 ,
2117 873 2150 903 &
2170 874 2225 905 fine
2243 879 2301 909 ullo

1238 896 1450 933 impedimento
1480 897 1569 929 redire
1584 908 1590 928 :
1621 898 1720 930 Modo
1752 899 1922 931 Sereniffimi
1951 903 2038 943 Regis
2060 910 2174 947 Angliae
2200 913 2303 947 subditi

1237 934 1437 965 Hollandorum
1453 939 1626 968 unitorumve
1640 938 1757 977 navigiis
1774 948 1832 969 non
1853 947 1984 979 utantur,
2001 943 2070 973 nihil
2083 957 2116 976 ex
2132 950 2285 983 Hollandia

1237 981 1285 1003 aut
1306 973 1526 1006 Provincia-rum
1549 977 1692 1010 unitarum
1713 977 1837 1013 opificiis
1862 988 2034 1018 quocunque
2049 983 2114 1014 loco
2128 991 2231 1027 empti-3
2253 977 2302 1023 au}

1238 1013 1378 1050 acceptis,
1397 1014 1465 1043 nihil
1481 1024 1534 1051 pro
1550 1024 1609 1052 quo
1630 1015 1718 1046 soluta
1734 1015 1786 1047 sint
1808 1017 1836 1046 in
1852 1016 2005 1048 Hollana'ia
2021 1030 2067 1051 aut
2081 1026 2202 1058 partibus
2220 1032 2304 1061 0111·th

1238 1050 1341 1080 tributa
1358 1073 1367 1089 ,
1386 1052 1415 1081 in
1430 1051 1597 1084 Provincias
1611 1054 1777 1086 obedientes
1791 1054 1935 1092 deserant,
1953 1058 2023 1088 nihil
2042 1060 2106 1090 inde
2120 1063 2153 1092 ad
2168 1075 2216 1096 eos
2254 1070 2304 1100 nifi

1240 1086 1352 1131 firmata
1365 1090 1563 1127 pacificatione
1580 1092 1720 1131 referant,
1733 1094 1803 1123 nihil
1822 1094 1900 1132 quod
1921 1095 2191 1136 Hollandorum,aut
2211 1089 2304 1137 u³nit0.

1241 1136 1308 1156 rum
1335 1130 1366 1158 fit
1387 1129 1415 1157 in
1433 1129 1484 1159 suis
1501 1131 1619 1161 navibus
1641 1132 1802 1170 recipiant,
1826 1142 1872 1164 aut
1895 1135 1974 1172 quod
2001 1135 2082 1166 stium
2109 1137 2140 1167 fit
2159 1142 2307 1175 Hellandis

1239 1166 1359 1195 navibus
1376 1165 1479 1205 fidant,
1502 1170 1620 1199 nomina
1637 1169 1682 1199 sua
1700 1169 1863 1210 Hollandis,
1878 1181 1924 1202 aut
1943 1174 2026 1204 unitis
2042 1175 2230 1209 fraudulenter
2245 1193 2305 1214 non

1241 1203 1375 1248 praestent
1392 1217 1402 1242 3
1430 1213 1461 1236 ut
1485 1206 1504 1249 li
1544 1207 1591 1238 uid
1611 1209 1640 1237 in
1658 1218 1760 1239 eorum
1779 1210 1876 1247 aliquo
1895 1221 2116 1244 contraventum
2136 1219 2306 1259 reperiatur,

1240 1242 1268 1271 id
1285 1252 1408 1273 omnino
1423 1253 1476 1282 pro
1491 1254 1524 1282 Ju
1550 1246 1624 1283 a,&
1640 1246 1714 1277 licita
1732 1248 1867 1279 habeatur
1885 1250 1990 1287 praeda.

1280 1289 1325 1320 15.
1345 1281 1434 1320 Supra
1450 1282 1525 1313 dista
1538 1291 1633 1315 tamen
1652 1294 1712 1315 non
1731 1285 1822 1316 solum
1841 1288 2021 1327 intelligenda
2033 1290 2069 1321 de
2085 1292 2206 1324 navibus
2223 1304 2310 1326 corn-

1241 1320 1341 1350 mercii
1359 1321 1440 1351 causa
1458 1321 1568 1352 onustis
1584 1346 1593 1361 ,
1620 1323 1663 1354 vel
1681 1325 1854 1364 onerandis,
1872 1325 1916 1356 sed
1936 1329 1971 1357 de
1990 1328 2032 1358 his
2049 1331 2134 1360 etiam
2152 1341 2219 1370 quas
2238 1334 2309 1365 diffl

1240 1357 1415 1390 Sereniffimi
1442 1359 1539 1399 Reges
1564 1368 1680 1393 armatas
1698 1363 1806 1394 habent
1821 1387 1830 1401 ,
1848 1365 1882 1395 ὃς
1899 1365 2046 1397 habebunt
2065 1369 2234 1402 cohibendis
2254 1373 2309 1403 lio-

1236 1395 1323 1428 stium
1341 1399 1549 1436 conatibus,ut
1568 1400 1674 1431 scilicet
1692 1402 1724 1431 iis
1741 1412 1822 1441 aeque
1839 1403 1918 1434 liceat
1936 1414 1972 1435 eo
1990 1416 2113 1438 numero
2131 1418 2191 1446 quo
2212 1412 2308 1451 supra,

1236 1437 1293 1467 five
1317 1437 1346 1466 vi
1373 1437 1543 1476 tempestatis
1570 1439 1622 1470 sint
1649 1440 1759 1470 coaetae
1783 1465 1791 1478 ‚
1819 1441 1875 1473 five
1893 1452 2059 1475 commeatu
2075 1468 2084 1483 ,
2109 1447 2204 1479 aliisve
2225 1451 2309 1481 rebus

1237 1474 1380 1513 emendis,
1398 1475 1453 1507 sive
1472 1478 1590 1507 navibus
1606 1477 1780 1517 reficiendis,
1799 1480 1900 1510 eadem
1918 1481 2046 1514 libertate
2062 1485 2102 1514 uti
2119 1487 2309 1527 appellendo,

1236 1513 1425 1553 subsistendo,
1444 1515 1476 1546 ὃς
1494 1516 1648 1554 abeundo,
1667 1518 1757 1547 modo
1776 1520 1805 1548 in
1825 1519 1906 1549 dietis
1925 1520 2067 1553 Portubus
2084 1524 2153 1554 nihil
2172 1526 2311 1558 hostiliter

1236 1560 1337 1590 agant,
1356 1553 1401 1596 sed
1420 1553 1446 1584 se
1464 1554 1602 1592 honeste,
1618 1556 1652 1586 &
1671 1557 1764 1593 quiete
1783 1567 1812 1587 ut
1832 1559 1941 1589 amicos
1958 1583 1967 1598 ,
1987 1561 2020 1591 δε
2038 1562 2237 1595 confederatos
2255 1566 2309 1598 de-

1236 1600 1283 1621 cet
1301 1600 1467 1623 contineant
1483 1603 1493 1630 3
1517 1594 1608 1624 inodo
1626 1594 1731 1624 diutius
1753 1595 1796 1625 vel
1814 1597 1843 1625 in
1862 1597 1958 1628 iisdem
1978 1600 2115 1636 portubus
2131 1624 2140 1639 ‚
2167 1603 2210 1633 vel
2231 1605 2308 1636 circa

1236 1638 1334 1666 portus
1357 1640 1417 1660 non
1437 1630 1561 1662 haereant
1576 1655 1586 1670 ,
1613 1633 1659 1663 vel
1680 1633 1825 1670 persistant
1840 1658 1849 1673 ,
1877 1646 1962 1672 quarn
1984 1638 2034 1667 illis
2053 1639 2086 1668 ad
2105 1640 2309 1682 refeffionem,

1235 1669 1270 1699 δε
1294 1668 1345 1697 alia
1370 1670 1520 1700 necefiaria
1543 1672 1665 1707 paranda
1693 1672 1775 1702 fuerit
1800 1674 1934 1713 necesse,
1950 1685 1986 1706 ne
2005 1677 2214 1715 impedimento
2234 1691 2310 1718 quo-

1236 1706 1388 1744 quomodo
1406 1707 1458 1738 fint
1475 1708 1566 1738 libero
1582 1710 1698 1740 aliarum
1716 1712 1865 1742 nationum
1887 1714 2041 1745 amicarum
2061 1717 2224 1749 intercursui
2237 1743 2247 1757 ,
2273 1721 2307 1751 &

1237 1746 1427 1776 commercio.
1454 1745 1521 1776 Ubi
1548 1756 1646 1778 autem
1669 1748 1707 1778 de
1734 1750 1834 1787 majori
1862 1761 1984 1782 numero
2003 1756 2120 1786 navium
2136 1766 2307 1790 armatarum

1236 1791 1333 1820 agatur
1350 1793 1412 1813 non
1433 1784 1483 1814 nifi
1502 1786 1634 1816 consulto
1654 1785 1735 1824 Rege
1753 1788 1988 1828 licebitingredi.

1277 1822 1322 1852 16.
1342 1823 1603 1859 Quemadmodum
1622 1832 1718 1855 autem
1736 1826 1823 1856 iidem
1843 1826 1942 1865 Reges
1959 1829 2051 1861 sancte
2075 1834 2247 1870 pollicentur
2263 1836 2308 1866 ni-

1235 1859 1275 1890 hil
1293 1861 1319 1891 se
1338 1860 1446 1891 sublidii
1467 1861 1563 1892 bellici
1581 1862 1696 1900 alicujus
1715 1873 1815 1894 eorum
1834 1865 1964 1897 hostibus
1982 1879 2108 1908 unquam
2128 1872 2230 1904 laturos
2246 1884 2252 1904 :
2270 1876 2308 1906 ita

1233 1908 1350 1936 quoque
1364 1908 1480 1931 cautum
1496 1899 1538 1930 est
1555 1910 1591 1931 ne
1605 1911 1709 1932 eorum
1724 1902 1842 1941 subditi,
1860 1905 2017 1945 incolaeve,
2041 1910 2235 1949 cujuscunque
2252 1913 2306 1944 fint

1233 1939 1373 1976 nationis,
1392 1946 1440 1969 aut
1462 1940 1618 1985 qualitatis,
1632 1940 1688 1971 five
1702 1950 1839 1979 praeteXtu
1855 1943 2041 1983 intercursus,
2059 1949 2092 1978 &
2110 1953 2301 1990 commercii,

1236 1976 1293 2006 five
1309 1977 1366 2008 alio
1381 1986 1557 2016 quocunque
1570 1979 1689 2017 quaesito
1703 1980 1802 2010 colore
1814 1982 1919 2018 poffint
1938 1984 2107 2016 eorumdem
2124 1987 2237 2027 Regum
2256 1999 2304 2022 aut

1234 2015 1350 2052 alicuius
1375 2025 1476 2047 eorum
1501 2016 1598 2048 hostes
1613 2041 1622 2054 ,
1649 2018 1702 2048 ulla
1721 2019 1830 2049 ratione
1847 2021 1946 2058 juvare
1962 2045 1970 2059 ‚
1996 2026 2129 2060 pecunias
2158 2028 2308 2066 conferre,

1232 2061 1435 2085 commeatum
1449 2077 1458 2092 ,
1484 2065 1561 2086 arma
1573 2079 1581 2094 ,
1610 2056 1759 2088 machinas
1771 2080 1781 2096 ,
1806 2058 1975 2091 bombardas
1991 2086 2000 2098 ,
2022 2063 2210 2096 instrumenra
2229 2067 2305 2097 bello

1232 2092 1359 2131 gerendo
1384 2102 1447 2131 apta
1464 2116 1474 2132 ,
1499 2094 1604 2126 aliosve
1637 2095 1755 2126 bellicos
1779 2106 1924 2134 apparatus
1951 2099 2159 2134 subministrare
2175 2127 2184 2141 ,
2205 2106 2238 2136 &
2257 2107 2308 2144 qui

1234 2140 1333 2162 contra
1351 2131 1472 2171 facient,
1491 2133 1578 2164 sciant
1596 2134 1626 2162 in
1645 2134 1671 2164 se
1688 2136 1783 2171 poenis
1801 2137 1983 2168 acerbiffimis
2001 2141 2229 2173 animadversum
2253 2145 2306 2183 iri,

1233 2177 1265 2201 ut
1283 2171 1312 2200 in
1332 2170 1519 2210 foedifragos,
1537 2172 1571 2204 &
1591 2171 1733 2202 seditiosos
1751 2173 1819 2204 solet
1837 2176 2033 2208 animadverti.

1273 2217 1318 2246 17.
1339 2209 1377 2239 Et
1393 2218 1453 2248 quo
1472 2209 1632 2241 Uberiores
1650 2210 1761 2242 frutstus
1777 2221 1811 2243 ex
1832 2213 1885 2244 hac
1902 2214 2073 2248 Concordia
2091 2217 2209 2250 subditis
2227 2219 2308 2252 Sere-

1232 2246 1339 2278 nissimi
1357 2248 1444 2287 Regis
1463 2247 1661 2288 Hispaniarum
1674 2272 1683 2287 ,
1710 2251 1744 2281 &
1763 2251 1935 2283 Serenisfimi
1960 2254 2054 2292 Regis
2070 2257 2184 2294 Angliae
2201 2261 2231 2289 in
2251 2259 2307 2291 suis

1231 2285 1392 2318 Provinciis
1410 2287 1611 2318 obedientibus
1631 2291 1781 2325 provenire
1794 2291 1917 2330 possint,
1937 2302 2115 2325 conventum
2131 2297 2165 2327 &
2182 2299 2308 2329 conclu-

1230 2324 1293 2355 sum
1309 2324 1353 2356 est
1369 2325 1463 2356 dictos
1480 2326 1676 2358 Sereniffimos
1694 2327 1790 2368 Reges
1807 2331 1989 2367 conjunctim
2002 2356 2011 2370 ,
2040 2334 2073 2364 ὃς
2089 2333 2201 2366 divisim
2221 2336 2306 2368 datu-

1231 2373 1278 2394 ros
1296 2373 1415 2402 operam
1430 2374 1467 2395 ne
1485 2365 1600 2396 subditis
1615 2375 1716 2396 eorum
1736 2367 1770 2397 ad
1786 2377 1889 2398 omnes
1907 2368 2027 2409 Portus,
2047 2371 2170 2412 Regna,
2187 2375 2219 2405 &
2236 2375 2305 2406 Dc-

1230 2403 1318 2433 minia
1335 2412 1440 2434 eorum
1458 2405 1502 2435 via
1521 2404 1727 2443 praecludatur,
1742 2408 1895 2444 quominus
1915 2407 2002 2440 libere
2016 2432 2025 2446 ,
2046 2411 2079 2442 &
2098 2412 2156 2442 fine
2175 2413 2299 2451 impedi-

1229 2450 1347 2479 mento,
1366 2450 1436 2472 cum
1454 2442 1507 2473 suis
1522 2443 1638 2482 navigiis
1655 2466 1664 2481 ,
1693 2445 1834 2475 mercibus
1854 2447 1886 2478 &
1906 2447 2033 2484 plaustris
2046 2472 2055 2486 ,
2074 2449 2169 2482 solutis
2189 2452 2305 2483 ordina-

1231 2481 1278 2510 riis
1292 2481 1447 2518 portoriis,
1465 2481 1498 2512 ὅ(
1518 2482 1650 2518 teloniis,
1668 2483 1702 2513 ad
1719 2482 1812 2514 dictos
1831 2483 1950 2522 Porrus,
1972 2485 2090 2526 Regna,
2109 2489 2142 2519 ὃς
2159 2489 2305 2522 Dominia

1230 2519 1367 2549 accedere
1387 2518 1509 2557 poffint,
1528 2521 1685 2560 eademque
1704 2522 1821 2560 quando
1843 2524 1986 2555 videbitur
2004 2526 2134 2557 libertate
2153 2538 2222 2559 cum
2241 2530 2301 2561 aliis

1230 2557 1376 2588 mercibus
1395 2558 1537 2590 recedere.

1271 2596 1315 2626 18.
1337 2596 1430 2635 Quod
1455 2607 1527 2628 vero
1551 2598 1650 2629 attinet
1676 2598 1711 2629 ad
1735 2600 1867 2636 antiquos
1889 2601 2056 2632 intercursus
2073 2603 2107 2634 &
2129 2607 2303 2636 commercii

1229 2634 1381 2668 tractatus,
1402 2634 1452 2673 qui
1471 2637 1538 2676 varii
1557 2636 1680 2667 existunt
1700 2638 1773 2668 inter
1793 2638 1895 2677 Regna
1911 2649 1975 2670 tum
1996 2641 2133 2680 Angliae,
2151 2646 2249 2674 Scotiae
2269 2646 2303 2675 ὃς

1227 2673 1368 2703 Hiberniae
1384 2695 1393 2711 ,
1423 2682 1483 2704 turn
1503 2675 1667 2712 Burgundiae
1686 2675 1786 2707 Duces
1799 2701 1808 2715 ,
1836 2678 2039 2717 principesque
2058 2680 2147 2718 Belgix'
2160 2704 2169 2717 ,
2194 2685 2302 2721 quique

1229 2712 1394 2743 durantibus
1420 2713 1451 2743 iis
1475 2714 1601 2744 motibus
1628 2714 1690 2743 sunt
1715 2715 1863 2747 intermiffi
1878 2739 1888 2754 ,
1914 2719 2051 2756 varieque
2075 2719 2191 2750 fortaffe
2216 2722 2297 2752 laefi:

1231 2749 1425 2781 Conventum
1440 2750 1503 2789 est,
1521 2751 1607 2790 idque
1624 2752 1850 2791 provisionaliter
1864 2777 1874 2793 ,
1904 2763 1935 2786 ut
1953 2758 2102 2795 pristinam
2120 2759 2183 2787 vim
2201 2760 2234 2790 &
2252 2770 2302 2790 au—

1229 2789 1395 2819 thoritatem
1415 2791 1575 2827 retineant,
1600 2791 1735 2829 idemque
1756 2791 1807 2823 fint
1826 2795 1957 2831 utrinque
1974 2805 2076 2825 eorum
2096 2797 2157 2825 usus
2177 2798 2225 2834 qui
2248 2800 2302 2829 init

1229 2836 1295 2857 ante
1320 2828 1426 2859 bellum
1451 2829 1523 2859 inter
1549 2828 1700 2868 Philippum
1723 2832 1873 2861 Secundum
1898 2833 2092 2873 Hispaniarum
2111 2834 2248 2874 Regem,
2267 2838 2302 2867 δε

1231 2865 1386 2897 Elizabeth
1404 2867 1519 2905 Angliae
1539 2864 1698 2907 Reginam:
1721 2868 1810 2900 Prout
1828 2869 1978 2901 stabilitum
1997 2873 2049 2902 fuit
2069 2873 2097 2901 in
2115 2874 2235 2905 tradi-atu
2251 2884 2300 2911 pa-

1228 2906 1269 2936 cis
1293 2907 1359 2936 anni
1382 2906 1520 2936 millefimi
1544 2906 1737 2937 sexcentesimi
1756 2909 1847 2945 quarti
1862 2910 1982 2940 articulo
2004 2910 2140 2948 vigesimo
2159 2912 2295 2943 secundo.

1227 2939 1246 2958 '¹'
1265 2943 1359 2982 Qiod
1384 2944 1405 2973 fi
1431 2945 1494 2981 quis
1517 2944 1561 2974 vel
1581 2946 1713 2983 utrinque
1737 2946 1783 2976 vel
1801 2947 1837 2976 ab
1853 2947 1983 2977 alterutra
2001 2957 2078 2986 parte
2095 2949 2228 2989 allegetur
2247 2962 2295 2981 ex-

1229 2982 1320 3012 cessus
1335 3004 1345 3019 ,
1369 2989 1416 3012 aut
1433 2992 1646 3020 conquerantur
1662 2984 1774 3014 Subditi
1791 2985 1871 3022 pasta
1888 2995 1946 3016 non
1967 2988 2066 3017 servari
2084 3011 2093 3026 ,
2113 2998 2236 3020 onerave
2250 2991 2297 3021 Si-

1227 3021 1257 3050 bi
1275 3022 1389 3058 imponi
1407 3020 1497 3051 Solito
1513 3022 1642 3059 graviora
1657 3044 1667 3059 ,
1687 3024 1909 3054 commutentur
1926 3027 2062 3063 utrmque
2080 3027 2203 3063 deputati
2220 3051 2229 3066 ‚
2248 3030 2298 3067 qui

1225 3060 1417 3096 conveniant,
1435 3060 1468 3090 ὃς
1486 3059 1609 3098 adscitis,
1627 3060 1646 3090 fi
1662 3060 1746 3090 fuerit
1763 3070 1850 3098 opuS,
1872 3065 2075 3094 mercatoribus
2089 3075 2184 3096 earum
2201 3077 2296 3098 rerum

1225 3098 1318 3137 gnaris
1336 3120 1344 3135 ,
1362 3099 1457 3128 amice
1481 3098 1602 3128 tractent
1627 3107 1714 3136 eaque
1733 3100 1811 3129 bona
1833 3100 1887 3131 ride
1905 3101 2058 3134 restaurent
2076 3113 2109 3134 ac
2129 3104 2274 3136 restituant
2286 3131 2296 3146 ,

1226 3146 1291 3175 quae
1309 3136 1357 3181 vel
1376 3137 1472 3174 injuria
1489 3137 1625 3175 temporis
1643 3137 1690 3168 vel
1708 3146 1846 3177 corrupto
1863 3140 1910 3170 usu
1929 3141 2050 3179 collapsa
2061 3164 2071 3179 ,
2085 3150 2131 3173 aut
2147 3144 2297 3178 immutata

1229 3185 1260 3206 re
1280 3182 1411 3206 erientur.

1260 3185 1313 3252 {9-
1332 3213 1371 3243 Et
1389 3214 1454 3251 quia
1471 3213 1533 3251 jura
1550 3215 1721 3244 commercii
1740 3224 1805 3253 quae
1831 3225 1865 3246 ex
1883 3227 1952 3254 pace
1970 3217 2186 3256 consequuntur
2205 3220 2298 3253 infru-

1227 3252 1323 3283 ctuosa
1342 3251 1419 3283 reddi
1439 3262 1498 3282 non
1517 3252 1623 3283 debent
1639 3275 1649 3290 ,
1668 3261 1752 3291 prout
1770 3253 1951 3286 redderentur
1969 3256 1988 3285 fi
2007 3256 2132 3287 Subditis
2149 3258 2296 3291 Serenisfi-

1225 3292 1267 3321 mi
1290 3291 1374 3330 Regis
1391 3290 1503 3328 Angliae
1523 3292 1594 3322 dum
1615 3300 1701 3329 eunt,
1720 3293 1753 3324 ὃ(
1772 3293 1888 3325 redeunt
1907 3295 1940 3324 ad
1961 3293 2082 3333 Regna,
2099 3296 2132 3325 &
2152 3296 2295 3331 Dominia

1222 3330 1294 3361 dieti
1311 3329 1485 3360 serenissimi
1504 3329 1592 3368 Regis
1609 3331 1804 3369 Hispaniarum
1817 3355 1827 3370 ,
1845 3334 1877 3363 ὃς
1898 3333 1937 3362 ibi
1953 3342 1985 3362 ex
2005 3333 2082 3363 causa
2101 3338 2269 3368 commercii
2281 3362 2292 3377 ,

1223 3369 1270 3401 vel
1287 3369 1394 3405 negotii
1408 3378 1523 3399 moram
1537 3368 1651 3400 trahunt
1662 3370 1715 3407 ,eis
1729 3370 1856 3401 molestia
1869 3372 2000 3400 inferatur
2009 3372 2130 3403 excausa
2140 3375 2290 3406 conscien-

1223 3410 1271 3439 tiae
1287 3430 1298 3446 ,
1324 3407 1395 3437 Ideo
1417 3416 1448 3437 ut
1468 3408 1681 3438 commercium
1705 3408 1736 3438 fit
1759 3418 1853 3440 tutum
1879 3410 1912 3439 δε
1933 3409 2064 3439 securum
2086 3418 2147 3440 tam
2167 3413 2196 3442 in
2220 3423 2293 3446 terra

1222 3456 1312 3485 quarn
1326 3447 1356 3476 in
1374 3446 1444 3476 mari
1459 3468 1470 3483 ,
1493 3446 1585 3476 dictus
1600 3445 1797 3477 Sereniffimus
1814 3447 1877 3476 Rex
1896 3446 2095 3486 Hispaniarum
2110 3451 2234 3490 curabit,
2253 3454 2289 3484 &

1222 3484 1382 3523 providebit
1399 3506 1408 3522 ,
1435 3494 1472 3514 ne
1493 3493 1527 3514 ex
1548 3484 1683 3522 praedicta
1705 3486 1784 3515 causa
1805 3486 1985 3516 conscientie
2009 3495 2108 3517 contra
2120 3489 2182 3526 jura
2203 3501 2291 3522 com-

1222 3524 1321 3554 mercii
1338 3521 1523 3553 molestentur
1535 3524 1568 3555 δε
1585 3524 1795 3562 inquietentur,
1820 3525 1869 3554 ubi
1883 3523 2052 3556 Scandalum
2068 3526 2112 3556 alii
2126 3536 2186 3557 non
2200 3529 2288 3561 dede-

1223 3570 1289 3593 rint.

1258 3609 1307 3631 20.
1326 3599 1401 3632 item
1416 3599 1497 3638 quod
1513 3600 1561 3631 ubi
1576 3600 1723 3638 contingat
1735 3599 1825 3636 aliqua
1839 3609 1873 3629 ex
1887 3600 1988 3638 bonis,
2007 3601 2040 3632 &
2057 3603 2200 3634 mercibus
2216 3613 2288 3644 pro-r

1221 3639 1320 3670 hibitis
1337 3647 1371 3668 ex
1386 3638 1414 3668 R
1451 3639 1493 3668 nis
1514 3639 1548 3669 &
1565 3638 1714 3668 Dominiis
1733 3638 1978 3669 Sereniffimorum
1997 3640 2111 3680 Regum
2131 3643 2285 3678 praediCto—

1222 3688 1287 3709 rum
1304 3687 1352 3715 per
1365 3677 1426 3708 Sub
1448 3678 1499 3707 itos
1521 3677 1602 3707 unius
1616 3699 1625 3714 ,
1644 3677 1690 3708 vel
1702 3676 1812 3706 alterius
1828 3679 1983 3715 exportari,
2002 3680 2046 3709 vel
2061 3680 2183 3718 extrahi,
2203 3683 2283 3721 quod

1222 3727 1258 3749 eo
1280 3717 1343 3748 casu
1369 3716 1485 3753 persona
1505 3715 1690 3746 solummodo
1711 3715 1875 3753 delinquens
1896 3726 1994 3754 poenas
2017 3718 2142 3749 incurrat
2157 3720 2191 3750 δε
2207 3722 2283 3754 bona

1220 3764 1330 3787 tanturn
1344 3755 1487 3792 prohibita
1502 3753 1570 3785 fisco
1584 3754 1696 3784 cedant.
1765 3791 1770 3797 θ
1930 3793 1935 3798 .
2057 3794 2063 3799 ι
2202 3792 2204 3794 v

1260 3803 1308 3824 21.
1328 3792 1400 3823 [tem
1425 3792 1504 3831 quod
1534 3793 1611 3823 bona
1638 3792 1825 3822 morientium
1845 3791 2033 3823 Subditorum
2055 3803 2085 3823 in
2106 3794 2217 3835 Regnis
2243 3800 2279 3831 &

1222 3832 1377 3871 provinciis
1399 3831 1553 3861 alterutrius
1574 3830 1776 3861 conserventur
1789 3830 1841 3860 suis
1854 3830 2041 3871 Haeredibus,
2060 3833 2094 3864 &
2106 3833 2286 3868 Successori-=

1224 3872 1294 3908 bns,
1313 3870 1387 3901 salvo
1396 3869 1460 3907 jure
1477 3870 1562 3899 tertii.

1258 3919 1305 3939 22,
1323 3908 1395 3938 Item
1421 3907 1499 3945 quod
1523 3906 1717 3937 concessiones
1741 3906 1774 3937 &
1791 3906 1933 3946 privilegia
1948 3908 2054 3940 indulta
2070 3919 2120 3948 per
2134 3911 2206 3950 ipsos
2220 3913 2283 3945 Re-

1222 3954 1273 3985 ges
1294 3946 1499 3977 mercatoribus
1526 3945 1696 3983 Regnorum
1720 3945 1861 3983 utriusque
1883 3947 2101 3979 advenientibus
2122 3952 2156 3981 ad
2178 3963 2280 3984 eorum

1222 3987 1324 4026 Regna
1345 3986 1377 4015 &
1401 3993 1466 4021 qua:
1487 3982 1522 4013 ad
1545 3983 1651 4014 bellum
1672 3983 1873 4023 ceffaverunt,
1894 3986 2018 4017 omnino
2040 3989 2206 4022 reviviscant
2219 3991 2282 4029 ,δε

1222 4025 1312 4056 Suum
1329 4022 1475 4052 sortiantur
1491 4020 1637 4052 effedtum.

1258 4072 1307 4101 23.
1327 4060 1399 4093 Item
1421 4060 1441 4091 fi
1464 4061 1611 4101 contingat
1633 4059 1698 4099 post
1718 4060 1783 4092 haec
1807 4061 1899 4100 (quod
1912 4061 1995 4094 Deus
2005 4066 2122 4102 avertat)
2146 4073 2177 4096 ut
2190 4064 2285 4107 displi-

2186 4111 2288 4133 centis:

2332 258 2409 290 Anu.
2421 252 2463 292 D

2349 298 2434 336 1630.

1641 326 1730 371 Regis
1747 330 1857 367 Anglz'ae
1871 355 1879 369 ,
1903 336 1995 363 Scotiae
2015 336 2046 364 Sc
2071 336 2208 368 Hibernae
2226 340 2300 369 scili-2
2325 339 2378 363 AU-
2400 340 2426 365 6-

1673 375 1797 396 uwrcem
1814 379 1940 401 amanter
1957 375 2132 413 compiess'ti,
2152 376 2201 406 fibi
2222 377 2299 408 fave·
2324 378 2385 402 0³72
2409 385 2430 401 'w

2336 2950 2354 2971 *
2367 2952 2451 2985 XIX&3

2314 3001 2377 3028 225.
