2536 4255
75 142 156 177 'Ann-
169 141 212 174 D.

220 71 304 112 ²50

260 142 409 182 Johannes
422 140 543 178 trames,
561 136 709 176 Clericus,
725 138 755 169 in
778 137 894 169 Artibus
913 137 1069 177 Magister,
1085 138 1170 171 habet
1192 138 1287 170 confi-

681 48 1501 105 CONVENTIONES‚
1558 50 1963 100 LtTERAE,

1360 136 1452 169 Teste
1474 136 1558 178 Rege
1579 138 1656 178 apud
1675 136 1930 177 westmonasterium
1945 160 1957 175 ‚
1975 136 2114 171 vicesimo
2130 138 2208 174 sexto
2222 141 2271 174 die
2283 145 2397 175 Decem-

102 184 189 221 1627.
231 182 313 213 miles
332 180 439 210 Literas
458 178 588 208 patentes
607 177 643 207 de
664 176 875 208 Presentatione
895 177 929 208 ad
946 178 1087 208 Vicariam
1110 178 1145 209 de
1160 175 1294 208 Fulborne
1329 175 1394 207 bris.

79 225 135 251 An.
157 231 183 258 3.

79 264 145 288 Car.
177 269 200 286 i.

81 299 218 326 ⁰xvm.

85 345 167 365 1001.

233 223 348 250 omnium
362 217 523 247 Sanfflorum
540 214 672 246 Diocesis
685 213 818 254 Elienfis,
836 216 1041 257 Cantuariensis
1054 215 1226 254 Provincie‚
1245 225 1295 255 per

234 256 472 297 Relignationem
487 254 582 285 ultimi
597 253 797 285 Incumbentis
821 255 932 286 ibidem
943 255 1007 294 jam
1028 264 1180 285 vacantem
1202 256 1236 286 &
1259 254 1295 285 ad

232 295 358 327 nostram
379 293 619 324 presentationem
634 293 652 313 ²*
671 301 845 330 quocunque
859 293 969 332 modo,
986 294 1044 331 jure
1056 294 1102 325 vel
1115 293 1198 324 titulo
1211 293 1295 330 legali

232 334 426 373 spetstantem3
446 331 480 362 &
502 331 661 371 diriguntur
683 331 720 360 he
745 330 839 361 Litere
857 340 889 362 ut
905 331 993 369 supra.

268 370 359 403 Teste
374 368 460 408 Rege
475 371 549 410 apud
567 367 841 409 Wqstmonasterium,
857 371 1000 402 tricesimo
1011 370 1048 401 de
1063 369 1239 400 Novembris.

268 445 418 487 Johannes
430 444 596 485 Dafhfeild,
612 445 760 485 Clericus,
774 448 803 477 iri
819 445 936 478 Artibus
953 445 1107 483 Magister,
1128 445 1215 477 habet
1222 455 1296 476 con-

230 486 345 517 similes‘
358 486 466 516 Literas
487 485 618 516 Patentes
639 486 675 516 de
696 485 905 516 Presentatione
927 486 962 516 ad
986 485 1131 516 Vicariam
1155 484 1296 522 Litleport

229 523 362 556 Diocefis
377 521 511 564 Elienfis,
526 523 728 563 cantuariensis
744 523 916 560 Provincie,
933 533 982 561 per
1000 522 1133 553 Mortem
1142 522 1295 553 ultimiIn-

231 563 395 595 cumbentis
418 562 527 592 ibidem
551 563 607 599 jam
630 571 780 593 vacantem
804 564 837 594 &
859 562 892 591 ad
908 561 1034 591 nostram
1053 560 1294 592 presentationem

227 602 340 633 ratione
354 602 507 631 vacationis
526 599 605 632 Sedis
620 601 792 638 Episcopalis
813 599 931 640 Elienfis
944 600 998 630 hac
1021 600 1085 630 vice
1099 598 1295 639 spectantem3

230 641 266 673 &
294 640 455 677 diriguntur
467 639 502 670 he
517 638 611 678 Litere
628 647 657 669 ut
674 638 761 676 supra.
850 641 858 643 ”

265 677 356 710 Teste
373 677 457 717 Rege
471 678 545 717 apud
562 676 840 718 Wstmonasterium,
856 676 996 707 vicesimo
1008 676 1055 706 die
1068 674 1245 706 Novembris.

269 758 435 800 Humfridus
451 759 539 790 Peake
549 781 558 798 ,
578 757 717 795 Clericus,
734 758 762 787 in
772 756 890 788 Artibus
900 755 1148 795 Magister,habet
1161 755 1298 788 confimi-

1370 250 1532 297 Williequus
1546 251 1648 291 Juxon
1657 276 1667 292 ,
1680 251 1754 294 Juris
1773 253 1875 286 Civilis
1890 252 2008 285 Dostor
2018 278 2029 294 ,
2043 255 2077 286 δε
2094 253 2317 294 capellanorum
2327 259 2396 291 Do-

1335 300 1409 322 mini
1420 289 1512 328 Regis
1525 301 1616 329 unus,
1632 291 1718 324 habet
1734 293 1896 324 consimiles
1912 293 2019 324 Literas
2031 294 2068 324 de
2077 293 2272 328 Conceffione
2281 299 2316 329 ad
2330 298 2397 330 De-

1333 337 1469 360 canatum
1482 329 1539 360 five
1558 329 1740 367 Dignitatem
1757 331 1934 363 Decanalem
1950 331 2076 364 Ecclesie
2092 332 2272 365 Cathedralis
2293 335 2397 378 Chrzsti

1335 367 1370 398 ὅτ.
1385 365 1467 411 Beate
1484 370 1579 411 {narie
1602 368 1726 407 Virginis
1748 371 1959 410 Wigornienfis,
1976 381 2027 410 per
2049 371 2276 402 Promotionem
2301 376 2398 406 ultimi

1335 404 1451 436 Decani
1472 406 1599 437 eusdem
1621 407 1656 442 ad
1681 406 1888 445 Episcopatum
1909 408 2093 449 Exoniensem
2114 418 2284 448 vacantem,
2312 413 2346 443 δε
2361 415 2399 446 ad

1333 442 1460 487 nostram
1500 444 1717 488 resenrationem
1732 445 1788 476 five
1804 445 1998 479 Collationem
2012 450 2100 486 pleno
2113 449 2178 487 jure
2202 449 2398 490 speetantem3

1333 482 1368 512 &
1381 481 1540 526 diriguntur
1554 482 1591 512 he
1605 481 1700 513 Litere
1716 483 1854 521 Capitulo
1868 485 1902 516 &
1922 485 2119 519 Prebendariis
2141 487 2270 519 Ecclesie
2287 486 2399 521 Cathe-

1333 519 1417 551 dralis
1431 521 1578 560 medidie,
1598 519 1771 552 Mandantes
1785 530 1818 552 ut
1834 521 1925 560 supra.

1369 558 1459 590 Teste
1471 559 1554 599 Rege
1567 559 1642 598 apud
1655 559 1932 605 Wstmonasterium‚
1950 560 2070 601 septimo
2084 564 2131 596 die
2143 564 2296 604 Jamiari'i.

1351 703 1586 751 Dispenfhtiones
1606 708 1644 745 ὠ·
1666 706 1840 742 Facultates
1861 705 1898 742 de
1923 710 2014 742 Anno
2035 709 2124 741 tertio
2149 686 2248 743 Caroli
2265 713 2375 758 primi.

2412 141 2491 175 Arm.
2503 145 2536 178 D

2434 182 2524 222 1627÷

2413 225 2467 251 An.
2481 231 2510 259 3·

2414 264 2482 290 Car.
2497 268 2524 290 r.

229 798 272 829 les
298 799 405 829 Literas
430 799 559 829 Parentes
576 798 613 828 de
638 796 852 828 Presentatione
872 796 908 826 ad
930 795 1098 826 Rectorem
1120 796 1156 826 de
1175 794 1295 835 Ancrisb
1332 790 1385 842 G
1391 790 1418 819 E
1425 792 1544 835 ORGI·
1548 793 1600 822 US
1627 791 1812 860 Prlovideritia
1833 792 1954 824 Divina·
1968 794 2176 838 Canruarienfis
2193 795 2395 842 Archiepisco-
2413 791 2491 825 Ann.
2504 793 2536 826 D

1333 831 2148 911 iisuet0i>nsssiexsistimus:
2165 833 2396 906 sinsus}
2411 832 2524 909 25²2?

228 837 296 868 alias
309 837 458 874 Ankridge
471 836 601 867 Diocelis
620 834 841 875 cantuarienfis,
859 843 909 871 per
927 833 1057 864 Mortem
1070 834 1162 864 ulrimi
1178 834 1295 865 Incum—

231 876 323 906 bentis
338 875 444 906 ibidem
455 875 514 913 jam
537 883 686 904 vacantem
700 873 733 904 ὅ(
749 872 783 902 ad
804 872 929 902 nostram
953 871 1192 903 presentationem
1209 873 1296 910 pleno

226 914 292 953 jure
306 914 496 951 specstantcm3
516 913 548 944 &
562 912 717 950 diriguntur
732 911 768 941 he
779 910 873 941 Litere
883 910 1168 941 Reverendiffimoin
1177 910 1296 942 Christo

230 952 309 984 Patri
327 951 462 983 Domino
476 954 587 988 Georgia
604 949 790 982 Providentia
809 948 919 980 Divina
934 949 1131 989 Cantuarienfi
1145 949 1298 989 Archiepi-

230 991 362 1100 {cqspgsie
381 1029 463 1068 Rege
480 1026 554 1066 apud
573 1025 853 1066 W’stmonall‘erium,
877 1025 1019 1057 vicesimo
1040 1025 1165 1058 secundo
1183 1027 1230 1059 die
1247 1029 1300 1057 Fe-

250 1078 346 1099 ruam.

266 1148 384 1180 Thomas
401 1148 510 1186 Allen,
526 1147 676 1185 Clericus,
690 1147 720 1178 in
743 1146 861 1178 Artibus
884 1145 1045 1187 Magister,
1061 1146 1148 1178 habet
1162 1146 1299 1177 consimi-

229 1186 269 1219 les
294 1189 398 1219 Literas
419 1188 550 1218 Parentes
573 1187 609 1216 de
631 1186 840 1218 presentatione
861 1186 896 1216 ad
916 1186 1086 1217 Rectoriam
1101 1185 1136 1216 de
1153 1185 1299 1224 Kingisr‘zo-

231 1227 280 1257 the
290 1227 421 1258 Diocefis
433 1224 661 1264 Cantuarienfis,
680 1235 728 1264 per
742 1224 979 1263 Reiignationem
996 1225 1087 1255 ultimi
1102 1225 1300 1255 Incumbentis

229 1265 338 1296 ibidem
352 1267 412 1304 jam
436 1274 584 1295 vacantem
598 1265 631 1294 ὃ(
645 1263 679 1293 ad
696 1263 824 1294 nostram
850 1263 1094 1294 presentationem
1111 1264 1219 1293 ratione
1236 1262 1299 1293 Mi-

228 1306 306 1335 noris
328 1306 406 1334 etatis
428 1303 570 1341 Johannis
595 1302 688 1331 Baker
717 1301 824 1333 Militis
852 1303 885 1332 &
911 1301 1054 1333 Batonetri
1073 1325 1083 1339 ,
1110 1301 1229 1332 Patroni
1253 1302 1296 1331 di-

225 1343 273 1373 {te
292 1341 417 1373 Ecclelie
431 1342 487 1372 hac
512 1341 576 1371 vice
590 1340 783 1379 spectanten13
808 1342 841 1373 ὃς
859 1341 1019 1379 diriguntur
1035 1340 1073 1371 he
1093 1339 1191 1370 Litere
1211 1348 1242 1370 ut
1256 1340 1300 1371 su-

251 1391 288 1410 ra.

230 1391 356 1488 {Teste
378 1417 460 1457 Rege
485 1416 560 1455 apud
582 1417 837 1457 westmonasterium
854 1439 866 1457 ‚
891 1417 1030 1449 vicesimo
1058 1417 1161 1454 quinto
1183 1416 1231 1447 die
1248 1418 1300 1446 Fe-

250 1467 345 1487 ruam.

265 1538 399 1568 Robertus
421 1536 553 1573 Wkittle,
572 1535 719 1576 Clericus,
738 1538 767 1569 in
783 1537 899 1568 Artibus
915 1537 1072 1576 Magister,
1096 1537 1183 1568 habet
1204 1536 1299 1568 confi—

227 1577 308 1606 miles
329 1577 435 1606 Literas
456 1577 586 1607 patentes
603 1577 638 1606 de
656 1576 866 1607 presentatione
889 1576 923 1607 ad
941 1576 1088 1607 Vicariam
1105 1577 1139 1607 de
1156 1575 1297 1614 Eastmal-

228 1616 283 1652 liz-g
306 1615 434 1645 Dioceiis
453 1614 658 1654 cantuariensis
682 1625 731 1652 per
756 1614 887 1645 Mortem
909 1615 1002 1645 ultimi
1022 1615 1221 1645 Incumbentis
1244 1616 1298 1645 ibi-

226 1656 296 1684 bem
318 1654 377 1691 jam
404 1662 553 1683 vacantem
578 1654 610 1684 &
637 1653 671 1683 ad
699 1652 826 1683 nostram
856 1653 1095 1685 Presenrationem
1125 1653 1213 1692 pleno
1235 1655 1298 1693 jure

227 1692 423 1732 spectantem,
436 1692 469 1723 &
487 1692 646 1730 diriguntur
661 1692 699 1721 he
719 1692 812 1722 Litere
830 1701 859 1722 ut
875 1691 963 1729 supra.

266 1730 355 1763 Teste
371 1730 451 1769 Rege
471 1731 544 1768 apud
561 1729 820 1770 Wstmonasterium
830 1751 840 1768 ,
859 1731 955 1768 primo
970 1729 1017 1761 die
1032 1732 1148 1761 Marcii.

265 1808 547 1848 JohannesGraunt,
567 1806 715 1845 Clericus,
734 1809 764 1838 in
776 1807 890 1839 Artibus
908 1807 1220 1845 Baccalaureus‚habet
1228 1817 1302 1839 con-

227 1847 329 1879 similes
345 1848 452 1878 Literas
467 1847 504 1877 de
520 1846 731 1878 presentatione
755 1847 788 1877 ad
806 1847 944 1878 Vicariam
960 1848 996 1878 de
1009 1847 1154 1886 Calverley
1169 1847 1301 1878 Diocefis

229 1886 368 1923 Eburum,
387 1896 435 1922 per
452 1885 585 1915 Mortem
599 1885 694 1916 ultimi
712 1884 907 1917 Incumbentis
922 1886 1028 1916 ibidem
1050 1887 1106 1922 iarn
1129 1895 1300 1924 vacantem,

230 1926 266 1957 &
287 1925 322 1954 ad
339 1924 464 1954 nostram
479 1923 719 1955 presentationem
736 1924 822 1955 pleno
834 1934 895 1961 Jure
910 1924 1104 1963 spectantem,
1124 1925 1156 1956 &
1170 1925 1300 1964 dirigun-

231 1972 278 1994 tur
300 1963 336 1993 he
355 1963 446 1993 Litere
462 1962 556 1992 nostre
571 1961 823 1992 Reverendiisimo
838 1964 866 1993 in
886 1961 1005 1993 Christo
1014 1962 1092 1994 Patri
1106 1962 1300 1995 DominoTo-

228 2001 273 2032 hie
287 2001 470 2031 Providentia
490 2000 598 2030 Diis-„i
616 1999 782 2041 Elviracenfi
798 2001 1034 2041 Archiepiscopo.

264 2038 358 2071 Teste
373 2039 455 2079 Rege
474 2038 547 2078 apud⁸
566 2050 585 2067 ii
598 2038 842 2079 istmonasterium‚
858 2040 934 2071 sexto
952 2040 999 2072 die
1016 2040 1154 2081 Aprilis.⁴

266 2119 432 2151 willielmus
446 2122 584 2157 Tranter,
604 2118 751 2157 Clericus,
774 2121 803 2151 in
821 2119 935 2151 Artibus
948 2120 1103 2160 Magister,
1121 2120 1210 2153 habet
1224 2131 1298 2153 con-

227 2158 331 2190 similes
350 2159 456 2190 Literas
475 2158 604 2188 Parentes
622 2158 659 2189 de
683 2157 897 2190 Preientatione
913 2160 947 2190 ad
965 2160 1111 2191 Vicariam
1132 2162 1169 2192 de
1184 2159 1298 2200 Bishopp

228 2197 340 2228 Wilton
375 2196 507 2228 Dioceiis
522 2196 714 2236 Eboracenfis‚
734 2206 782 2235 per
799 2197 970 2228 Ceffionem
987 2199 1078 2229 ultimi
1099 2198 1298 2231 Incumbentis

227 2236 336 2267 ibidem
359 2236 413 2273 iam
433 2244 583 2266 vacantem
606 2236 639 2265 &
661 2236 696 2265 ad
714 2235 844 2266 nostram
867 2236 1109 2268 Presentationem
1130 2239 1217 2279 pleno
1240 2240 1299 2276 jure

226 2275 424 2313 specstantem,
442 2275 475 2305 &
493 2273 652 2312 diriguntur
672 2274 710 2304 he
729 2274 822 2305 Litere
837 2283 866 2305 ut
882 2276 969 2313 supra.

263 2312 352 2345 Teste
368 2313 451 2352 Rege
468 2313 542 2350 apud
557 2311 830 2352 Weflmonasterium,
846 2314 966 2345 decimo
984 2314 1030 2345 die
1044 2313 1193 2354 Januarii.

265 2390 398 2421 Robertus
411 2389 516 2428 Hirsh,
533 2388 679 2429 Clericus,
696 2391 725 2420 in
744 2389 860 2421 Artibus
879 2389 1034 2429 Magister,
1051 2391 1137 2423 habet
1161 2393 1297 2424 conlimi-

224 2428 264 2460 les
282 2429 389 2460 Liteias
398 2427 527 2460 patentes
541 2428 577 2459 de
592 2427 799 2459 presentatione
815 2429 849 2459 ad
874 2429 1041 2461 Rectoiiam
1059 2431 1095 2461 de
1114 2431 1217 2462 Athill
1234 2433 1297 2464 alias

227 2467 324 2498 Addi'e
342 2467 470 2498 Diocesis
495 2466 686 2508 Eboracensts,
695 2468 756 2505 jam
776 2468 914 2504 legittime
939 2469 971 2498 ὃ(
989 2469 1025 2499 de
1042 2469 1106 2506 jure
1127 2480 1297 2510 vacantem,

227 2506 263 2536 &
276 2506 311 2535 ad
327 2505 454 2536 nostram
470 2505 712 2536 presentationem
727 2506 784 2536 five
807 2507 915 2537 ratione
933 2505 1061 2538 Minoris
1075 2509 1157 2539 etatis
1179 2509 1297 2541 Patroni

227 2543 306 2574 dicke
322 2543 447 2575 Ecclesie
463 2544 518 2573 five
532 2553 580 2579 per
606 2543 731 2582 Lapsum
747 2545 907 2582 Temporis
923 2544 981 2576 sive
1003 2555 1053 2584 per
1069 2548 1236 2584 pravitatem
1251 2548 1295 2579 Si·

229 2583 330 2613 monie
344 2582 396 2611 hac
412 2581 475 2611 vice
489 2582 680 2620 spectantem,
696 2583 729 2613 &
744 2582 901 2620 diriguntur
916 2584 953 2613 he
969 2584 1062 2615 Litere
1076 2593 1105 2616 ut
1122 2586 1209 2622 supra.

265 2620 354 2652 Teste
368 2619 450 2659 Rege
463 2618 537 2659 apud
546 2619 808 2659 Wstmonasterium
815 2644 825 2660 ,
844 2621 983 2653 vicesimo
992 2624 1082 2654 tertio
1096 2624 1141 2654 die
1147 2623 1298 2662 Januarii.

230 2734 383 2778 Consimiles
404 2737 522 2766 Literas
536 2736 671 2764 patentes
687 2734 790 2767 habent
809 2735 923 2775 Persbne
935 2735 1088 2777 ficbscripte
1104 2736 1137 2767 de
1155 2737 1302 2778 Prfinta-

323 2776 395 2806 tione
413 2775 454 2806 ad
470 2773 623 2805 Prehendas
652 2785 698 2804 zve
718 2778 903 2805 Canonicatus
922 2776 976 2815 fidi
992 2775 1106 2817 diverfis
1125 2780 1210 2806 etiam

666 2816 703 2843 tis
727 2820 759 2843 ut
774 2813 908 2855 sequitur.

274 2890 426 2931 Stephanus
440 2889 602 2929 Boughton,
620 2889 768 2928 Clericus,
787 2890 971 2923 Subdecanus
989 2891 1106 2931 Capelle
1122 2892 1232 2963 Regie,
1250 2895 1302 2926 ha-

235 2930 286 2961 bet
303 2931 408 2961 Literas
426 2930 553 2961 patentes
566 2930 602 2959 de
617 2928 811 2960 Conceffione
828 2931 862 2961 ad
873 2930 1088 2962 Canonicatum
1104 2931 1160 2962 sive
1201 2934 1301 2964 reben-

235 2968 307 2999 dam
323 2969 394 2999 infra
417 2967 572 2999 Ecclesiam
600 2966 804 2998 Cathedralem
827 2971 1057 3009 Wigorniensem,
1086 2972 1134 3008 qui
1157 2973 1250 3008 primo
1266 2973 1300 3004 ὃς

236 3008 368 3046 proxime
388 3016 436 3046 per
462 3006 616 3043 Mortem,
635 3005 890 3047 Resignationem,
919 3008 1178 3048 Deprivationem,
1194 3010 1302 3042 forisfa—

238 3045 351 3076 &uram
366 3045 412 3076 vel
425 3044 521 3082 aliquo
536 3045 593 3074 alio
608 3045 687 3083 legali
703 3045 794 3075 modo
811 3055 985 3084 quocunque
1000 3048 1162 3084 vacaverit,
1179 3049 1212 3079 &
1234 3049 1301 3080 diri-

261 3091 344 3114 untur
359 3083 397 3113 he
412 3082 508 3113 Litere
524 3082 648 3112 Decano
664 3084 696 3114 &
714 3081 849 3121 Capitulo
865 3084 993 3116 Ecclesie
1018 3085 1194 3116 Cathedralis
1212 3089 1303 3125 predi-

237 3092 307 3161 }te,
327 3121 496 3152 Mandantes
508 3121 586 3159 quod
602 3120 694 3164 eidem
709 3121 846 3159 Stephano
861 3123 1005 3161 Boughton
1023 3124 1143 3154 Stallum
1167 3126 1196 3155 in
1216 3125 1300 3157 Cho-

240 3170 296 3198 10,
312 3170 345 3191 ac
361 3160 461 3191 locum
478 3161 512 3191 ὃς
527 3169 631 3189 vocem
646 3169 676 3188 in
692 3159 842 3198 Capitulo,
856 3171 927 3192 curn
940 3163 1037 3200 primo
1058 3163 1092 3194 δε
1106 3165 1239 3202 proxime
1258 3166 1301 3202 (ut

237 3198 390 3237 prefertur)
407 3199 498 3229 vacari
515 3198 683 3236 contigerit,
701 3198 847 3236 affignent.

276 3237 367 3268 Teste
380 3236 464 3277 Rege
481 3236 555 3273 apud
571 3234 828 3275 Wqstmonasterium
841 3260 851 3276 ,
884 3237 1024 3270 vicesimo
1033 3239 1140 3272 octavo
1155 3241 1305 3280 dieJunii.

278 3311 425 3351 Jokannes
439 3312 610 3352 Goldfinith,
628 3311 773 3343 Clericus.
793 3315 821 3343 in
846 3313 959 3344 Artibus
977 3315 1131 3356 Magister,
1149 3318 1234 3350 habet
1252 3318 1303 3349 Li-

242 3359 314 3382 teras
331 3351 462 3382 Parentes
476 3353 512 3381 de
528 3350 723 3382 Concessione
735 3351 768 3381 ad
787 3352 965 3382 Prebendam
980 3353 1036 3385 sive
1045 3354 1257 3387 Canonicatum
1267 3358 1304 3388 de

244 3387 374 3427 Hanfeld
391 3391 454 3420 alias
465 3388 588 3429 Henfeld
601 3392 631 3420 in
652 3388 778 3419 Ecclesia
794 3389 955 3420 Cathedrali
978 3393 1077 3422 Sanele
1099 3393 1137 3428 ὠ
1155 3396 1305 3426 Individue

245 3430 391 3458 Trinitatis
404 3428 594 3467 cicestrienfis,
612 3429 668 3465 jam
680 3428 814 3466 legittime
831 3430 863 3459 δε
875 3428 911 3458 de
921 3430 983 3468 jure
998 3440 1145 3461 vacantem
1161 3434 1234 3464 &ad
1245 3444 1300 3464 no-

243 3465 331 3496 stram
347 3467 532 3497 donationem
551 3466 733 3497 collationem
751 3475 784 3496 ac
802 3467 918 3497 liberam
937 3468 1144 3505 dispositionem
1161 3481 1210 3509 per
1227 3472 1304 3511 Lap-

241 3504 302 3534 sum
319 3504 477 3542 Temporis
492 3505 544 3534 hac
563 3506 627 3536 vice
642 3504 836 3543 speftantemg
857 3506 890 3535 δε
906 3505 1067 3545 diriguntur
1081 3507 1116 3538 he
1134 3509 1227 3539 Litere
1241 3511 1304 3542 De-

100 3543 320 3587 ixancano
336 3544 369 3573 &c
393 3544 412 3563 ⁸¹¹
432 3542 567 3582 Capitulo
588 3543 717 3574 Ecclefie
735 3542 909 3574 Cathedralis
927 3545 1068 3584 predicte,
1087 3545 1254 3579 Mandant&
1273 3558 1306 3581 ut

103 3604 191 3627 1002.

246 3581 373 3650 suqssste
387 3619 469 3660 Rege
483 3618 557 3658 apud
572 3620 721 3659 Wimffor,
737 3620 843 3651 ostavo
859 3619 905 3651 die
919 3620 1047 3660 Augusti.

1333 904 1362 933 in
1387 904 1508 936 Christo
1531 905 1628 936 Thome
1647 908 1774 945 Harper,
1793 907 1931 947 Clerico,
1955 910 1986 940 in
2011 910 2126 941 Artibus
2148 910 2310 951 Magistro,
2328 923 2396 945 nec-

1335 952 1397 974 non
1424 944 1581 982 Capeliano
1603 946 1762 988 prenobilis
1788 946 1908 978 Femine
1930 950 2037 978 Leticie
2060 948 2215 980 Comitisse
2238 951 2401 992 Leicesirie,

1335 980 1510 1027 Salutem&
1527 983 1666 1013 Gratiam.
1705 983 1835 1023 Majores
1856 985 1886 1015 in
1912 985 2002 1016 Sacris
2025 986 2129 1018 Literis
2152 987 2316 1028 Progressus
2337 1000 2400 1029 pre-

1336 1029 1392 1052 mia
1409 1021 1521 1059 Maiora
1544 1022 1706 1060 postulant,
1723 1023 1756 1054 &
1780 1023 1875 1060 plures
1898 1023 1927 1053 in
1951 1023 2020 1055 Vita
2040 1026 2203 1063 quotidiana
2224 1028 2402 1061 neceffitates

1336 1061 1413 1097 plura
1428 1061 1496 1091 Vite
1514 1061 1666 1102 necessaria
1687 1061 1813 1092 Subfidia
1830 1062 1993 1101 requirunt,
2017 1064 2120 1101 quibus
2137 1067 2220 1096 rebus
2245 1067 2354 1106 tuisque
2369 1070 2400 1101 in

1335 1098 1391 1130 hac
1408 1109 1486 1137 parte
1502 1098 1761 1139 supplicationibus
1776 1101 1920 1138 permoti,
1938 1110 2036 1132 tecum
2056 1110 2087 1132 ut
2102 1104 2157 1133 una
2173 1114 2243 1135 curn
2259 1105 2401 1140 Rectoria

1334 1137 1462 1169 Ecclefie
1479 1137 1651 1169 Parochialis
1666 1138 1702 1168 de
1719 1138 1875 1179 Whiterley
1889 1140 1952 1170 alias
1971 1138 2123 1179 Wedderley
2137 1141 2268 1173 Diocesis
2287 1146 2402 1177 Lincol-

1335 1180 1398 1207 nien
1409 1187 1431 1205 ις
1457 1179 1560 1214 (quam
1585 1179 1640 1215 jam
1667 1178 1791 1215 obtines)
1821 1177 1991 1209 Re&oriam
2014 1177 2141 1210 Ecclesie
2162 1180 2339 1214 Parochialis
2362 1185 2400 1217 de

1335 1216 1477 1254 Norbury,
1498 1215 1628 1247 Diocesis
1643 1217 1743 1246 Coven'
1761 1218 1793 1248 ὃ(
1807 1217 1922 1247 Lichen'
1941 1216 2034 1248 modo
2048 1227 2107 1248 non
2121 1218 2206 1249 distet
2219 1231 2234 1250 a
2249 1220 2341 1252 Priori
2355 1224 2402 1255 ul.-

1337 1263 1378 1286 tra
1393 1255 1502 1293 Viginti
1519 1256 1552 1286 &
1567 1255 1628 1287 duo
1642 1255 1774 1286 Milli-aria
1790 1257 1834 1287 vel
1849 1266 1887 1287 eo
1900 1257 2014 1287 circiter
2028 1258 2167 1298 recipere,
2183 1258 2217 1289 &
2237 1260 2330 1298 quoad
2353 1263 2399 1291 vi-

1336 1294 1406 1338 xerit
1421 1295 1556 1325 retinere:
1576 1294 1680 1333 thue
1694 1295 1872 1327 Alterutrum
1892 1295 2038 1327 distorum
2057 1295 2264 1329 beneficiorum
2284 1300 2401 1337 quando

1335 1334 1389 1362 tibi
1402 1335 1602 1370 opportunum
1618 1334 1758 1365 videbitur
1771 1335 1930 1372 dimittere,
1949 1336 1982 1365 δε
1999 1335 2067 1366 loco
2082 1336 2154 1366 illius
2171 1337 2216 1367 vel
2231 1337 2346 1369 illorum
2363 1339 2403 1370 sic

1335 1370 1457 1408 dimissi,
1477 1381 1569 1402 unum
1584 1371 1658 1402 aliud
1675 1372 1881 1411 quodcumque
1891 1372 2034 1404 Curatum
2050 1374 2092 1404 vel
2108 1385 2167 1404 non
2177 1375 2335 1413 Curatum,
2354 1377 2401 1409 seu

1336 1410 1400 1440 alias
1415 1409 1631 1446 incompatibile
1656 1411 1829 1441 beneficium
1851 1411 2083 1442 Ecclesiasticum
2105 1413 2207 1449 (modo
2230 1424 2288 1444 non
2313 1415 2400 1448 distet

1335 1448 1374 1491 ab
1390 1458 1426 1479 eo
1439 1447 1581 1492 beneficio
1595 1449 1674 1487 quod
1689 1450 1920 1492 retinueristultra
1933 1450 2035 1482 decem
2052 1450 2197 1488 Milliaria)
2219 1453 2344 1484 similiter
2357 1465 2402 1485 re-

1335 1496 1428 1526 cipere
1446 1488 1479 1519 &
1493 1497 1521 1517 in
1536 1488 1618 1518 simul
1634 1488 1727 1525 quoad
1744 1489 1846 1519 vixeris
1865 1489 1986 1520 retinere
2005 1490 2094 1521 libere
2109 1491 2143 1521 &
2159 1491 2238 1522 licite
2256 1493 2344 1523 valeas
2363 1495 2399 1525 &-

1334 1525 1420 1563 possis
1433 1526 1611 1558 Auctoritate
1625 1527 1769 1566 predieta,
1785 1536 1925 1565 quantum
1950 1529 1979 1558 in
1994 1529 2078 1560 nobis
2100 1526 2141 1559 est
2162 1530 2196 1562 &
2213 1531 2277 1568 jura
2301 1530 2399 1571 Regni

1335 1566 1481 1602 patiuntur
1497 1589 1507 1604 ,
1533 1573 1632 1596 tenore
1651 1566 1822 1603 presentium
1845 1565 1964 1605 gratiose
1984 1566 2176 1604 dispensamus
2190 1591 2200 1606 ,
2226 1566 2403 1605 (Canonicis

1335 1602 1601 1636 Constitutionibus
1623 1613 1684 1634 non
1699 1604 1880 1635 obstantibus
1903 1604 2130 1643 quibuscunque)
2149 1605 2270 1639 Proviso
2293 1609 2402 1648 semper

1335 1651 1367 1674 ut
1383 1644 1413 1673 in
1428 1643 1551 1681 qualibet
1566 1642 1757 1680 predictarum
1776 1642 1965 1673 Ecclesiamm
1975 1666 1984 1681 ,
2002 1652 2061 1674 tarn
2069 1653 2101 1674 ea
2116 1654 2131 1673 a
2146 1653 2199 1682 qua
2215 1648 2352 1684 majorem
2359 1650 2403 1680 ob

1334 1691 1444 1719 partem
1461 1690 1487 1714 te
1503 1681 1596 1713 abesse
1610 1682 1782 1721 contigerit,
1801 1691 1889 1721 quam
1903 1682 1987 1713 altera
2003 1683 2032 1712 iii
2047 1692 2100 1721 qua
2117 1686 2322 1720 perpetuam&
2336 1696 2401 1726 per.

1334 1721 1460 1752 sonalem
1482 1720 1660 1752 residentiam
1686 1721 1802 1758 feceris,
1821 1720 1970 1752 tresdecim
1986 1722 2138 1757 quotannis
2150 1722 2310 1754 conciones
2322 1727 2405 1764 juxta

1336 1757 1542 1791 Ordinationes
1563 1759 1689 1790 Ecclelie
1709 1759 1869 1798 Anglicane
1892 1759 1997 1797 editas,
2016 1760 2046 1790 iii
2065 1768 2097 1789 ea
2116 1765 2194 1796 parte
2214 1760 2333 1801 habeas,
2349 1763 2401 1795 Iis.

1335 1807 1391 1836 que
1406 1798 1516 1829 sacrum
1534 1797 1592 1828 Dei
1609 1799 1732 1829 verbum
1754 1800 1880 1837 fincere,
1898 1797 2026 1836 religiose
2049 1799 2083 1829 &
2099 1806 2260 1839 reverenter
2281 1802 2403 1843 traetes5

1338 1844 1426 1875 utque
1446 1838 1476 1867 in
1493 1837 1596 1868 eodem
1612 1836 1755 1867 Beneficio
1772 1847 1788 1867 a
1806 1847 1865 1875 quo
1881 1845 1909 1867 te
1926 1839 2014 1875 magis
2034 1836 2128 1867 abesse
2153 1838 2330 1878 contigerit,
2349 1851 2401 1879 pet

1336 1874 1407 1906 duos
1421 1883 1518 1906 tamen
1535 1875 1649 1906 Menses
1663 1877 1813 1914 quotannis
1828 1874 2056 1914 Hospitalitatem
2070 1884 2214 1912 exerceaS,
2223 1886 2317 1916 eoque
2325 1887 2400 1910 tem-

1335 1923 1404 1953 pore
1421 1924 1474 1953 pro
1487 1914 1559 1945 illius
1573 1913 1707 1944 Beneficii
1722 1914 1860 1946 fructibus
1873 1915 1906 1945 &
1922 1913 2088 1945 commodis
2104 1913 2247 1945 parochie
2270 1917 2328 1954 ejus
2351 1917 2403 1948 In-

1337 1953 1414 1984 colas
1424 1976 1433 1991 ,
1452 1953 1595 1991 presertim
1610 1961 1712 1991 egenos
1726 1954 1760 1985 &
1774 1962 1927 1992 pauperes,
1947 1961 2084 1990 quantum
2093 1954 2211 1994 poteris,
2228 1953 2404 1989 sustentes&

1338 1992 1458 2022 releves:
1479 1991 1600 2023 Proviso
1614 1993 1700 2023 etiarn
1715 1992 1824 2031 semper
1839 1991 1917 2029 quod
1931 1991 2002 2021 illius
2019 1990 2146 2022 Ecclelie
2167 2001 2255 2031 cura,
2273 2004 2289 2024 a
2302 2004 2357 2034 qua
2376 2005 2405 2027 te

1336 2031 1462 2061 maxime
1477 2029 1568 2060 abeffe
1587 2031 1763 2070 contigerit,
1780 2040 1829 2067 per
1844 2029 2014 2061 Ministrum
2037 2030 2158 2067 aliquem
2180 2031 2335 2071 idoneum,
2353 2035 2404 2072 qui

1336 2078 1416 2108 aptus
1441 2068 1477 2099 ad
1497 2069 1702 2106 explicandum
1725 2070 1758 2101 &
1779 2069 2023 2108 interpretandum
2045 2067 2208 2100 Christiane
2238 2070 2406 2108 Religionis

1336 2108 1477 2147 principia
1488 2130 1498 2146 ,
1515 2109 1695 2146 verbumque
1708 2107 1767 2139 Dei
1782 2108 1893 2145 populo
1906 2107 2157 2145 annunciandum,
2176 2109 2282 2145 (modo
2297 2110 2405 2143 Facul-

1334 2156 1373 2179 tas
1388 2146 1516 2185 ejusdem
1532 2145 1659 2177 Ecclesie
1674 2146 1758 2178 talem
1775 2146 1935 2177 commode
1958 2146 2091 2177 sustinere
2107 2146 2206 2184 poffit)
2228 2147 2404 2182 laudabiliter

1334 2186 1437 2217 interea
1454 2195 1504 2223 per
1515 2186 1615 2216 omnia
1628 2185 1812 2217 deserviatur:
1835 2185 1996 2225 Eidemque
2013 2184 2152 2216 Ministro
2165 2195 2334 2224 competens
2342 2189 2403 2220 suf-

1335 2224 1488 2263 ficiensque
1501 2223 1636 2255 Salarium
1653 2235 1668 2256 a
1684 2224 1760 2255 Loci
1773 2225 1843 2256 illius
1857 2223 2003 2262 Episcopo
2019 2225 2062 2255 sua
2080 2224 2141 2254 sana
2161 2224 2342 2258 Discretione
2355 2227 2404 2259 vel

1335 2272 1350 2293 a
1376 2264 1460 2294 nobis
1481 2262 1730 2294 Succeffoiibusve
1747 2262 1871 2302 nostris,
1888 2263 1952 2294 casu
1969 2273 2029 2302 quo
2046 2263 2226 2294 Diocesanus
2245 2264 2401 2304 Episcopus

1337 2301 1407 2333 huic
1424 2301 1538 2332 Officio
1555 2303 1677 2333 minime
1692 2303 1853 2334 satisfecerit
1867 2303 2049 2334 limitandum
2059 2302 2091 2333 δε
2106 2302 2402 2341 assignandum‚bona

1337 2340 1394 2371 fide
1412 2340 1550 2379 prestetur
1568 2341 1600 2372 &
1617 2342 1801 2379 perlolvatur:
1823 2340 1942 2372 Proviso
1963 2350 2060 2373 autem
2080 2342 2159 2379 quod
2177 2341 2214 2372 he
2231 2341 2326 2372 Litere
2347 2343 2402 2374 tibi

1334 2389 1394 2410 non
1412 2379 1562 2417 proficiant
1587 2381 1635 2410 nili
1662 2390 1711 2418 per
1731 2380 1842 2411 Literas
1863 2380 1996 2411 Patentes
2017 2380 2109 2417 Regie
2129 2378 2285 2416 Majestatis
2305 2380 2402 2413 debite

1333 2419 1435 2448 suerint
1449 2417 1627 2450 confirmate.
1668 2419 1737 2450 Dat’
1752 2420 1804 2450 sub
1819 2418 1922 2458 sigillo
1937 2419 1970 2450 ad
1986 2418 2143 2448 Facultates
2163 2417 2302 2448 vicesimo
2317 2419 2402 2459 septi·

1333 2466 1386 2487 mo
1403 2457 1450 2487 die
1465 2455 1574 2487 Mensis
1592 2457 1691 2488 Martii
1709 2458 1800 2489 Anno
1816 2457 1938 2488 Domini
1956 2455 2112 2486 Millesimo
2133 2455 2337 2488 sexcentefimo
2355 2459 2399 2490 vi-

1339 2495 1446 2526 cesimo
1461 2495 1580 2533 septimo
1589 2519 1597 2534 ,
1617 2497 1649 2528 &
1669 2496 1765 2527 nostre
1777 2494 1983 2527 Transsationis
1997 2493 2086 2524 Anno
2099 2492 2217 2524 decimo
2231 2495 2320 2526 sexto.

1370 2533 1497 2571 carolus,
1515 2534 1572 2564 Dei
1588 2533 1705 2569 Gratia,
1726 2533 1850 2572 Anglie,
1867 2537 1969 2571 Scotie,
1987 2535 2115 2568 Francie,
2135 2533 2309 2565 &Hibernie
2321 2535 2396 2575 Rex,

1336 2572 1416 2603 Fidei
1432 2572 1585 2608 Defensor,
1602 2573 1664 2604 διε.
1702 2572 1849 2602 Omnibus
1868 2572 1903 2602 ad
1925 2581 1999 2609 quos
2021 2569 2166 2601 presentes
2193 2571 2286 2602 Litere
2300 2583 2401 2611 perve-

1335 2612 1446 2648 nerint,
1467 2610 1602 2642 Salutem.
1641 2610 1817 2650 Inspeximus
1840 2608 1973 2649 quasdam
2001 2608 2110 2639 Literas
2143 2609 2398 2648 Dispensationum

1335 2649 1510 2687 presentibus
1522 2658 1642 2679 annexas
1658 2659 1725 2685 quas
1742 2649 1775 2679 &
1791 2648 1895 2688 singula
1909 2648 1940 2678 in
1960 2648 2000 2678 eis
2022 2654 2159 2678 contenta
2178 2648 2198 2668 ³¹²
2213 2650 2289 2686 juxta
2306 2661 2397 2689 quen-

1335 2687 1402 2717 dam
1417 2687 1526 2718 Adtum
1542 2688 1608 2717 inde
1619 2688 1647 2717 in
1663 2687 1854 2718 parliamento
1869 2686 1996 2716 Domini
2003 2687 2120 2716 Henrici
2135 2697 2225 2726 nuper
2234 2688 2324 2728 Regis
2330 2693 2399 2720 An..

1333 2725 1387 2764 glie
1400 2726 1496 2756 ostavi
1513 2724 1722 2756 predecessoris
1742 2724 1833 2756 nostri
1851 2724 1981 2762 editum,
1997 2724 2215 2763 ratificavimus,
2232 2729 2404 2767 approbavi-

1338 2773 1402 2795 mus
1416 2765 1449 2795 &
1465 2763 1720 2803 confirmavimus,
1737 2774 1770 2795 ac
1788 2773 1843 2801 pro
1859 2764 1942 2794 nobis
1956 2762 2120 2794 Heredibus
2136 2764 2169 2795 &
2180 2763 2403 2800 Succefforibus

1338 2802 1459 2841 nostris,
1479 2802 1666 2840 ratificamus,
1681 2804 1872 2841 approbamus
1895 2803 1928 2833 &
1950 2801 2155 2833 confirmamus
2169 2813 2219 2842 per
2237 2805 2401 2847 presentes3

1340 2840 1383 2873 Ita
1397 2840 1475 2879 quod
1491 2839 1609 2871 Thomas
1622 2843 1734 2880 Harper
1744 2864 1754 2879 ,
1772 2841 1919 2878 Clericus,
1937 2840 1966 2870 in
1982 2840 2098 2871 Artibus
2111 2841 2251 2884 Magister
2268 2845 2297 2874 in
2315 2845 2404 2877 ditstis

1338 2880 1441 2911 Literis
1461 2881 1624 2910 nominatus
1639 2881 1777 2911 omnibus
1798 2881 1831 2912 δε
1847 2878 1958 2918 singulis
1978 2879 2006 2908 in
2029 2879 2134 2911 eisdem
2160 2881 2323 2918 lpecificatis
2341 2886 2402 2923 uti,

1337 2919 1438 2951 frui&
1451 2919 1535 2957 potiri
1550 2919 1637 2949 valeat
1652 2919 1685 2949 ὃς
1700 2918 1803 2957 poffit,
1822 2918 1911 2949 libere
1931 2918 1964 2949 &
1980 2918 2093 2956 quiete,
2111 2920 2229 2958 impune
2250 2922 2284 2953 &
2307 2922 2401 2962 licite,

1337 2958 1495 2988 secundum
1514 2958 1574 2988 vim
1585 2980 1595 2996 ,
1611 2958 1736 2988 formam
1751 2959 1784 2989 &
1808 2957 1952 2988 effectum
1967 2956 2137 2995 earundem,
2156 2958 2260 2997 absque
2280 2961 2402 3000 impedi-

1338 3005 1438 3027 mento
1451 3005 1633 3035 quocunque.
1672 2995 1718 3026 Eo
1729 2995 1808 3035 quod
1821 2995 1944 3033 expreffa
1960 2996 2070 3025 mentio
2091 2996 2126 3025 de
2149 2997 2324 3029 certitudine
2336 3009 2401 3039 pre-

1337 3034 1506 3072 missorum,
1524 3043 1570 3065 aut
1584 3035 1620 3064 de
1631 3035 1688 3064 aliis
1704 3034 1800 3064 Donis
1816 3034 1873 3065 sive
1894 3032 2141 3065 Conceffionibus
2156 3045 2206 3072 per
2223 3036 2293 3067 Nos
2305 3038 2401 3070 eidem

1336 3073 1434 3104 Thome
1447 3083 1511 3104 ante
1525 3073 1578 3103 hec
1593 3081 1723 3110 tempora
1738 3072 1816 3103 fastis
1831 3073 1860 3102 in
1876 3071 2049 3110 presentibus
2068 3073 2188 3105 minime
2201 3073 2276 3105 facta
2292 3076 2401 3116 existit,

1337 3121 1384 3143 aut
1404 3113 1499 3150 aliquo
1520 3111 1633 3141 Statuto
1646 3133 1656 3147 ,
1683 3111 1778 3149 Astu,
1797 3110 2005 3150 Ordinatione,
2030 3111 2216 3151 Provisione,
2233 3113 2401 3147 Proclama-

1338 3152 1417 3182 tione
1432 3151 1487 3180 sive
1501 3148 1694 3180 Restrititione
1710 3150 1775 3180 inde
1789 3151 1819 3180 in
1836 3150 2014 3180 contrarium
2040 3149 2110 3180 fac‘t'
2130 3149 2198 3181 edit'
2218 3153 2339 3184 ordinat'
2351 3154 2399 3186 seu

1338 3189 1443 3228 provis’
1454 3197 1501 3219 aut
1518 3187 1606 3225 aliqua
1620 3187 1671 3218 alia
1686 3198 1716 3218 re
1729 3189 1808 3219 caula
1823 3188 1868 3219 vel
1885 3189 1999 3219 materia
2012 3197 2180 3228 quacunque
2196 3191 2224 3220 in
2239 3191 2334 3229 aliquo
2341 3203 2403 3223 non

1337 3227 1477 3295 Obstass‘e·
1512 3225 1546 3255 In
1563 3227 1643 3264 cujus
1659 3227 1698 3256 rei
1714 3226 1918 3259 testimouium
1935 3227 1984 3257 has
2002 3226 2109 3257 Literas
2130 3227 2237 3259 nostras
2255 3228 2315 3261 fieri
2329 3231 2400 3262 feci-

1338 3275 1401 3296 mus
1443 3273 1558 3295 atentes.

1339 3304 1464 3373 MTei’ce
1486 3302 1594 3343 meipso
1617 3303 1693 3341 apud
1720 3302 1981 3343 westmonasterium
1997 3325 2007 3342 ,
2033 3303 2174 3335 vicesimo
2200 3304 2320 3344 septimo
2350 3305 2399 3338 die

1377 3350 1455 3372 artll.

1339 3425 1490 3470 consimiles
1509 3429 1623 3457 Literas
1641 3426 1879 3467 Dispenfhtionum
1898 3426 1937 3463 &
1955 3427 2198 3470 confirmationum
2213 3427 2317 3460 habent
2331 3431 2400 3461 Per-

1559 3466 1622 3505 sone
1632 3465 1783 3506 ficbsc'ripte
1800 3467 1849 3504 sich
1866 3467 1981 3508 diversis
1996 3471 2088 3507 datis,
2105 3472 2167 3498 viz.

1379 3543 1528 3583 Johannes
1548 3544 1626 3580 Pitt,
1645 3542 1792 3580 Clericus,
1815 3544 1844 3574 S.
1862 3544 1905 3575 T.
1920 3543 1952 3575 Β.
1973 3553 2006 3576 ut
2025 3545 2080 3575 una
2100 3553 2169 3574 cum
2188 3542 2328 3576 Rectoria
2342 3546 2401 3578 Ec-

1342 3583 1426 3614 clefie
1440 3581 1613 3613 parochialis
1626 3580 1661 3612 de
1674 3581 1760 3611 South
1773 3583 1903 3621 Braydon
1915 3582 2059 3614 Dioecesis
2074 3581 2268 3621 Bathonienfis
2277 3583 2316 3618 &
2325 3586 2402 3616 ΗΖΛ.

1338 3621 1435 3660 lenfis,
1454 3619 1564 3651 Curam
1580 3621 1752 3650 Animarum
1766 3631 1826 3651 non
1846 3623 1967 3652 habente
1987 3623 2086 3687 (zuam
2096 3621 2158 3658 jam
2168 3620 2292 3658 obtinet)
2313 3621 2402 3656 Vica-

1343 3661 1414 3689 riam
1431 3667 1597 3696 perpetuam
1616 3657 1743 3689 Ecclesie
1757 3658 2002 3690 parochialisdec
2019 3657 2172 3697 arfflocke,
2190 3657 2322 3691 Diocefis
2331 3665 2402 3694 Bri.

285 3695 443 3739 Edmundfas
463 3698 580 3733 Porter,
600 3695 747 3735 Clericus,
774 3696 860 3727 Sacre
883 3697 1050 3736 Theologie
1074 3696 1308 3739 Bacchalaurius,
1334 3697 1392 3738 stol
1408 3698 1511 3732 (modo
1527 3706 1587 3726 non
1602 3695 1708 3727 disteta
1718 3697 1856 3728 Reitoria
1869 3698 1994 3736 predicta
2009 3696 2081 3727 ultra
2094 3697 2311 3733 quatuordecim
2327 3699 2403 3732 Mil-

246 3731 331 3763 habet
346 3735 503 3765 conlimiles
526 3734 633 3765 Literas
651 3736 688 3765 de
703 3735 899 3766 Conceffione
922 3735 956 3766 ad
971 3735 1151 3766 Prebendam
1168 3738 1225 3768 five
1248 3738 1307 3769 Ca-
1342 3736 1427 3771 liaria)
1443 3736 1568 3771 recipere
1581 3734 1683 3771 poffit,
1702 3737 1735 3767 ὃς
1748 3736 1842 3774 quoad
1858 3737 1959 3766 vixerit
1970 3736 2100 3765 retinere.
2136 3733 2206 3764 Dat'
2219 3735 2337 3768 decimo
2354 3740 2401 3772 die

246 3772 413 3802 nonicatum
434 3773 516 3803 illum
532 3774 560 3802 in
576 3772 702 3804 Ecclesia
717 3772 882 3804 Cathedrali
896 3774 1084 3814 Norwicenfi‚
1101 3785 1151 3812 per
1168 3775 1303 3808 Mortem

250 3809 406 3839 naturalem
420 3809 548 3839 Nicholai
560 3813 651 3848 Bate,
670 3811 797 3850 Clerici,
815 3812 909 3843 ultimi
922 3811 1119 3843 Incumbentis
1134 3814 1304 3854 ibidemjam

243 3854 393 3889 vacantem
414 3848 447 3877 &
468 3849 502 3877 ad
518 3850 643 3879 nostram
661 3849 879 3889 Duumionem,
899 3850 1095 3882 Collationem
1111 3862 1143 3883 ac
1168 3853 1300 3885 Liberam

244 3882 474 3921 Dispofitionem
489 3885 575 3921 pleno
587 3888 646 3923 iure
659 3889 853 3927 speetantern3
872 3889 1073 3928 &diriguntur
1088 3889 1126 3920 he
1138 3891 1232 3922 Litere
1240 3892 1303 3923 De-

241 3922 519 3999 ἕέἓιέὅευᾶὃὲίῖἓιίήο
533 3923 660 3957 Ecclefie
677 3924 855 3960 Cathedralis
862 3928 1047 3969 Norwicenfis
1061 3929 1303 3970 prediCte,Manf

1346 3773 1456 3804 Mensis
1473 3772 1600 3812 Aprilis,
1617 3772 1707 3803 Anno
1724 3773 1852 3804 Domini
1867 3773 2024 3803 Millefimo
2040 3772 2242 3804 sexcentefimo
2263 3776 2402 3809 vicesimo

1341 3812 1479 3850 septimo,
1501 3813 1534 3841 &
1549 3811 1579 3841 T
1582 3812 1754 3842 ranilationis
1769 3814 1858 3842 Anno
1876 3812 1994 3842 decimo
2009 3809 2140 3847 septimo.

1339 3849 1581 3926 digoAssfirifftio‘
1617 3849 1708 3881 Teste
1727 3850 1811 3889 Rege
1833 3849 1910 3888 apud
1935 3846 2215 3889 Wstmonasterium,
2239 3853 2403 3888 undecimo

1378 3964 1515 3997 Robertus
1529 3963 1651 4005 MarJh,
1668 3964 1797 3997 Clericus
1808 3986 1820 4003 ,
1837 3964 1868 3996 in
1893 3961 2011 3996 Artibus
2032 3961 2191 4005 Magister,
2209 3975 2328 3999 necnon
2347 3966 2408 3999 Ca-

2415 914 2480 938 Car.
2499 921 2508 939 1
2515 932 2523 941 .

2416 950 2479 977 Rae.

2420 987 2530 1027 Dispens.

2416 2670 2536 2701 *xvm

2421 2719 2502 2748 1003,

2294 4005 2419 4044 pellanus
