2536 4255
257 58 307 95 62

717 45 1526 99 CONVENTIONES,
1581 47 1972 102 LITERAE,

115 135 250 168 Ann.D.
267 148 313 170 me
331 136 473 177 preditsta,
491 134 536 165 vel
555 133 644 171 aliqua
663 132 728 163 inde
747 132 871 164 Parcella
888 133 950 164 sunt
965 142 1098 165 exeuntes
1116 134 1172 165 five
1187 132 1329 170 solubiles,
1366 133 1420 163 tius
1439 134 1471 164 ὃ(
1491 134 1612 171 quiet-ius
1629 135 1668 166 usi
1686 135 1740 167 sint
1756 136 1788 167 &
1806 135 1907 174 gavisi,
1925 134 1972 166 seu
1996 135 2026 165 in
2046 135 2172 183 presenti
2196 138 2319 178 gaudent
2334 141 2368 173 ὃς
2392 151 2425 172 u·
2446 137 2536 170 Amr]

139 176 229 205 1626.

116 217 170 241 Aa.
188 224 213 242 2.

119 257 181 280 Car.
201 263 225 280 ι.

110 968 190 1000 Ann.
204 969 236 1000 D

132 1008 220 1040 1626.

111 1051 164 1075 An.
184 1058 208 1076 2.

111 1090 175 1113 Can
200 1096 223 1115 ι.

111 1124 177 1151 Pat.
197 1135 223 1153 2.

110 1165 173 1190 Car.
198 1173 220 1194 i,

108 1206 124 1236 i>
160 1210 201 1236 14-

111 1248 136 1265 71.
163 1249 205 1276 13.

109 2361 243 2390 ¹²1<an

110 2409 173 2436 5¹5-

265 180 293 208 in
313 187 411 208 manus
428 183 473 205 aut
492 172 692 213 poffeffionem
717 172 852 203 nostrum
877 172 1027 203 Heredum
1052 172 1098 203 vel
1119 171 1323 203 Succefforum

267 217 431 248 nostrorum
450 213 556 248 venire,
570 220 619 248 per
638 210 716 249 quod
729 212 852 249 predieta
871 211 998 242 Consors
1013 210 1108 241 nostra
1128 211 1249 241 redditus
1262 219 1322 248 pre-

267 256 361 286 dictos
378 276 387 291 ,
412 252 455 282 vel
481 252 611 280 annuales
633 250 786 280 solutiones
806 249 940 287 medietas
961 251 1083 287 recipere
1106 259 1166 280 non
1201 249 1325 286 poterit,

269 294 348 332 quod
362 300 430 322 tunc
449 289 584 320 &toties
610 288 679 318 Nos
704 288 830 319 Heredes
853 289 885 319 &
912 288 1091 319 Succeffores
1117 288 1207 318 nostri
1232 287 1324 316 solve-

269 343 349 367 mus,
368 329 414 359 vel
429 327 498 357 solvi
518 327 651 358 faciemus
670 327 794 364 medidie
820 325 956 357 Consorti
978 327 1072 357 nostre
1096 324 1324 367 prechariffime,

268 370 361 400 nitito<
378 366 515 396 Redditus
535 367 579 396 vel
594 366 724 396 annuales
744 365 923 404 Solutiones,
940 366 975 397 ad
993 366 1055 396 talia
1074 364 1154 395 Festa
1180 364 1225 394 vel
1252 361 1324 392 Dies

268 407 416 439 solutionis
431 406 459 434 in
473 404 575 442 quibus
593 405 661 434 solvi
674 404 848 442 debuissent,
867 405 885 434 si
900 406 928 434 in
948 404 1087 435 Manibus
1100 403 1132 433 δε
1148 401 1324 432 Poffeffione

267 446 370 477 nostris
388 443 538 474 Heredum
554 443 599 474 vel
617 443 818 473 Succefforurn
834 442 997 473 nostrorum
1012 452 1071 472 non
1086 441 1218 477 fuissent,

303 484 447 514 Volumus
465 483 547 512 etiarn
563 504 573 519 ,
591 482 652 513 &c.
671 482 772 521 absque
791 480 847 513 fine
866 482 896 512 in
914 481 1096 519 Hanaperio,
1114 480 1174 511 &c-

299 523 347 553 Eo
366 520 444 559 quod
461 520 587 558 expressa
606 521 733 559 mentio,
749 521 809 552 &c.

302 561 337 592 Iti
357 561 437 598 cujus
453 561 509 598 rei,
527 561 589 590 δίε.

302 636 389 669 Teste
404 637 486 676 Rege
498 636 571 675 apud
587 634 856 676 {Wstmonasterium
875 642 974 677 quarto
991 634 1088 666 decimo
1104 637 1159 666 Die
1174 633 1287 663 Martii.

683 716 737 744 Per
757 716 851 744 Breve
867 713 899 743 de
917 714 1036 743 Privato
1052 708 1152 750 Sigillo.

285 846 335 877 De
358 827 510 877 Creatione
532 842 569 876 V
570 842 726 874 icecomitis
750 837 917 884 Grandtssm
941 841 972 872 in
997 839 1141 871 Baronem
1163 836 1298 882 Tregoze

654 888 691 922 de
715 885 911 935 ijghworth.

240 993 248 1001 ·
265 981 384 1040 REX
395 1007 404 1022 ,
415 981 550 1014 omnibus
564 979 599 1011 ad
614 989 704 1018 quos,
724 979 783 1010 &c
803 977 941 1008 Salutem.
959 975 1204 1014 Archiepiscopis,
1224 974 1318 1008 Duci-

343 1022 415 1059 bus,
434 1019 671 1056 Marchionibus‚
687 1017 872 1055 Comitibus,
894 1016 1140 1054 vicecomitibus,
1158 1014 1318 1055 Episcopis‚

260 1058 433 1097 Batonibus,
455 1058 615 1095 Militibus,
635 1054 800 1094 prepositis,
818 1055 909 1085 liberis
933 1053 1127 1091 Hominibus,
1147 1052 1316 1093 officiariis,

259 1097 397 1130 Ministris
414 1100 446 1129 ὅς
462 1097 586 1128 Subditis
601 1094 701 1125 nostris
715 1093 928 1133 quibuscunque
938 1116 947 1132 ,
964 1093 999 1123 ad
1013 1103 1085 1131 quos
1108 1092 1253 1124 Presentes
1267 1094 1317 1124 Li-

257 1145 317 1168 tere
334 1138 526 1176 pervenerint,
543 1134 680 1165 Salutem.
1045 1171 1050 1175 ι

299 1177 375 1214 Quia
389 1175 522 1212 Majestas
536 1175 568 1205 ὃς
585 1170 733 1203 Celsitudo
749 1171 840 1211 Regia
852 1178 920 1200 tunc
934 1169 1064 1200 elucescit
1080 1168 1243 1207 &refulget
1257 1180 1317 1200 ma-

260 1215 322 1254 gis,
341 1214 454 1253 quando
472 1212 548 1250 Viri,
566 1221 669 1242 eorum
686 1209 810 1248 Imperio
824 1208 935 1245 subditi,
954 1207 1066 1239 Virtute
1081 1210 1114 1240 &
1131 1206 1244 1239 Meritis
1259 1210 1316 1240 aliis

258 1254 403 1292 clariores,
422 1249 589 1283 Honoribus
608 1250 753 1280 Virtutum
768 1251 800 1280 ὃς
819 1246 992 1277 Meritorum
1008 1249 1120 1284 premiis
1138 1257 1186 1285 pre
1202 1248 1269 1278 alios
1284 1248 1317 1278 il-

257 1292 423 1329 lustrantur,
443 1290 513 1320 nihil
527 1290 603 1319 enim
620 1297 678 1319 tam
694 1297 758 1318 vere
776 1286 900 1325 Regium
916 1285 975 1323 est,
994 1296 1082 1323 quam
1102 1295 1165 1325 θος,
1184 1288 1231 1325 qui
1249 1285 1314 1316 Vir-

257 1331 365 1361 tutibus
378 1330 503 1366 iniignes
519 1328 600 1365 sunt,
617 1327 658 1357 Di
680 1326 811 1356 nitatibus
827 1326 860 1355 &
877 1323 1035 1354 Honorum
1050 1324 1155 1355 Titulis
1174 1324 1316 1364 insigniris,

257 1369 311 1401 hec
325 1378 376 1398 nos
391 1369 494 1397 intuitu
510 1366 606 1404 Regio
621 1375 650 1396 re
663 1366 813 1402 picientes,
835 1364 868 1394 &
884 1363 1040 1394 recolentes
1059 1372 1161 1401 quanta
1181 1363 1214 1393 &
1230 1373 1316 1402 quam

255 1416 333 1447 grata
349 1407 437 1436 fidelia
451 1405 582 1442 Servitia,
603 1403 771 1441 predilec‘tus
785 1404 817 1433 δε
834 1411 965 1439 perquam
982 1400 1068 1431 fidelis
1084 1400 1316 1440 Consanguineus

256 1449 291 1478 ὃ(
305 1444 487 1477 Consiliarius
500 1441 594 1473 noster
632 1441 762 1471 oliverus
777 1444 818 1470 St.
833 1439 914 1479 John
930 1438 1030 1476 Miles,
1056 1441 1084 1469 V
1084 1442 1202 1470 icecomes
1221 1443 1315 1470 Gran—

255 1483 332 1525 dtson
346 1483 379 1513 de
396 1482 548 1512 Limericke
563 1482 591 1511 in
605 1466 718 1518 Regno
734 1479 832 1510 nostro
851 1478 995 1521 Hibernie,
1014 1478 1050 1508 de
1072 1479 1186 1516 antiqua
1207 1479 1239 1509 &
1261 1489 1315 1510 no-

256 1524 304 1553 bili
320 1521 436 1552 Familia
450 1521 486 1551 de
498 1524 539 1551 St.
558 1518 641 1559 John
656 1518 808 1557 oriundus,
825 1516 1053 1547 excellentissime
1069 1516 1198 1555 Principi
1211 1516 1313 1548 Eliza-

253 1560 333 1592 bethe
347 1560 446 1591 Sorori
464 1559 559 1589 nostre
579 1568 666 1595 nuper
681 1557 791 1596 Regine
804 1555 925 1594 Anglse,
950 1565 999 1593 per
1021 1555 1128 1585 multos
1150 1566 1238 1586 annos
1252 1557 1314 1595 jam

253 1600 374 1638 elapsos,
391 1599 503 1629 summa
526 1606 595 1628 cum
621 1596 774 1634 Diligentia
795 1596 827 1626 &
854 1593 988 1624 industria
1003 1593 1140 1632 prestitit,
1157 1596 1190 1626 &
1212 1605 1316 1633 quanta

257 1638 431 1675 Prudentia,
451 1636 630 1668 Fortitudine
645 1636 677 1666 ὃ(
697 1633 901 1665 Moderatione
917 1632 1032 1663 Servitia
1053 1634 1098 1662 sua
1119 1634 1316 1673 continuavit,

254 1677 460 1715 &majoribus
483 1675 644 1705 Conatibus
668 1673 794 1709 adauxit,
818 1673 894 1703 Patri
920 1671 1040 1708 nostro,
1066 1672 1146 1701 beate
1168 1671 1316 1704 Memorie

255 1716 362 1756 Jacobo
378 1714 470 1754 Regi,
490 1712 605 1753 quando
621 1711 700 1742 dieto
715 1712 790 1741 Patri
806 1710 905 1740 nostro
922 1711 951 1740 in
966 1709 1047 1740 dieto
1065 1709 1169 1749 Regno
1190 1711 1239 1742 suo
1258 1714 1315 1741 Hi-

254 1757 364 1792 bernie,
383 1755 499 1792 primo,
518 1761 548 1783 ut
568 1750 705 1789 Magister
720 1750 916 1787 Apparatuum
941 1750 973 1780 &
998 1749 1229 1780 Tormentorum
1255 1750 1315 1780 bel-

253 1795 396 1830 licorum,
414 1793 446 1824 ὃ(
464 1791 562 1831 postea
575 1799 606 1821 ut
627 1789 787 1828 Deputatus
809 1789 841 1819 δε
864 1788 1078 1818 Locunitenens
1100 1787 1162 1818 suus
1185 1789 1213 1818 in
1236 1788 1316 1819 dieto

254 1833 362 1873 Regno
378 1832 535 1868 inservivit,
554 1839 607 1867 pro
623 1829 702 1866 cujus
717 1828 821 1857 merito
839 1826 931 1857 dietus
946 1825 1026 1856 Pater
1051 1825 1149 1857 noster
1168 1826 1244 1857 Eum
1260 1827 1316 1857 Ti—

253 1872 316 1903 tulo
329 1874 361 1903 &
375 1870 498 1900 Honore
514 1870 543 1898 V
543 1870 682 1898 icecomitis
697 1864 853 1906 Grandtfim
871 1865 902 1895 de
920 1868 1065 1895 Limeri'cte
1080 1866 1108 1895 in
1125 1865 1203 1895 dieto
1225 1875 1316 1903 regno

253 1910 353 1941 nostro
369 1908 569 1939 honorandum
583 1907 678 1943 duxit,
698 1905 931 1942 observaiiiesque
946 1914 1030 1942 quam
1054 1903 1219 1942 prudenter,
1235 1905 1318 1936 forti·

253 1959 295 1981 ter
315 1950 347 1979 &
363 1949 479 1979 feliciter
494 1956 558 1985 erga
571 1945 682 1975 diCtum
698 1945 811 1975 Patrem
829 1943 957 1974 nostrum
977 1943 1002 1973 se
1018 1943 1128 1982 gellerit
1139 1968 1147 1980 ,
1172 1943 1204 1974 &
1231 1944 1319 1976 indies

255 1989 282 2021 se
297 1989 366 2027 gerit
383 1997 446 2023 erga
462 1996 512 2016 nos
529 1995 557 2015 ut
574 1994 643 2014 unus
660 1997 675 2013 a
693 1983 876 2014 sanctioribus-
892 1981 1034 2024 Conciliis
1053 1981 1170 2024 nostris,
1186 1983 1219 2014 &
1240 1992 1271 2014 ut
1287 1993 1319 2013 u-

256 2038 309 2058 nus
324 2038 338 2056 a
355 2025 493 2056 Concilio
509 2023 605 2054 nostro
619 2022 652 2052 ad
672 2022 779 2060 Arma,
796 2022 828 2052 ὃς
845 2030 876 2052 ut
892 2024 1022 2052 summus
1044 2021 1246 2052 Theiaurarius
1265 2032 1319 2052 no-

256 2066 311 2097 ster
326 2068 355 2095 in
371 2065 450 2094 dieto
464 2063 569 2101 Regno
582 2061 681 2092 nostro
697 2061 844 2097 Hiheint'e,
860 2070 919 2100 quo
936 2059 1049 2091 Officio
1073 2070 1151 2090 nunc
1175 2060 1320 2100 fungitur,

254 2106 376 2145 dignum
395 2103 475 2134 illurn
492 2101 547 2133 effe
564 2101 705 2137 duximnu„
725 2110 810 2136 quem
825 2100 852 2129 in
869 2108 1021 2129 nnmerum
1038 2098 1212 2138 Magnarum
1227 2099 1322 2131 &hu-

252 2145 298 2183 jus
314 2143 411 2182 Regni
427 2143 515 2172 nostri
532 2140 637 2178 Angla
656 2141 812 2171 sincerum
827 2141 1003 2178 adoptemus.
1068 2177 1072 2182 η

292 2183 391 2214 Sciatis
406 2183 490 2220 igitur
507 2184 584 2219 quon
604 2190 654 2209 nos
668 2202 677 2217 ,
705 2179 739 2208 de
764 2177 863 2208 Gratia
886 2177 978 2207 nostra
999 2176 1127 2215 speciali,
1145 2187 1178 2207 ac
1195 2186 1230 2208 ex
1248 2187 1324 2208 certa

257 2221 382 2253 Scientia
400 2222 432 2251 δε
449 2230 531 2250 mero
549 2219 636 2249 Motu
653 2217 772 2255 nostris,
791 2216 930 2256 prefatum
948 2215 1092 2246 Oliverum
1108 2221 1151 2244 st.
1168 2215 1250 2253 John
1265 2219 1323 2245 Mi-

257 2261 334 2291 litem
349 2263 376 2290 V
378 2263 535 2290 isefon-item
560 2256 733 2295 Grandifiin,
752 2255 785 2285 ad
803 2256 915 2286 Statum
939 2254 1071 2285 Gradum
1096 2253 1274 2292 Dignitatem
1292 2256 1325 2286 ὃς

259 2300 418 2330 Honorem
436 2301 554 2327 Baronis
567 2300 684 2333 Tregoze
699 2296 730 2325 de
745 2293 917 2332 Highworth
931 2293 960 2322 in
977 2291 1128 2323 Comitatu
1145 2292 1244 2323 nostro
1254 2292 1325 2323 nil-

257 2338 318 2379 tcfie
335 2338 492 2376 erexiinus,
511 2335 681 2372 prefecimus
697 2336 729 2366 ὃ(
749 2335 923 2370 creavimus,
942 2331 1089 2370 ipsumque
1109 2330 1251 2375 Olivflerum
1270 2335 1329 2361 Ba-

260 2388 352 2409 ronem
367 2378 484 2414 Tregoze
497 2375 529 2404 de
549 2373 568 2393 ²*
587 2372 758 2411 Highworth
777 2372 920 2410 poedksta,
938 2379 1037 2402 tenore
1061 2369 1256 2408 presentium,
1275 2372 1330 2401 eri-

264 2418 356 2455 gimus
370 2414 531 2453 preficimus
547 2413 578 2444 ὃ(
595 2421 732 2450 creamus,
750 2412 901 2448 eidemque
919 2409 1034 2439 olivero
1048 2408 1185 2447 Nomen,
1204 2409 1330 2449 Statum,

263 2454 413 2491 Gradum,
432 2453 554 2490 Snlum,
580 2450 761 2490 Dignitatem
778 2473 787 2487 ,
810 2449 949 2479 Titulum
976 2448 1008 2479 ὃς
1032 2446 1188 2478 Honorem
1213 2450 1331 2479 Baronis

261 2499 378 2530 Tregoze
393 2493 423 2521 de
438 2488 607 2528 thworth
625 2488 748 2527 predicta
766 2487 970 2526 imposuimus,
998 2485 1142 2524 dedimus,
1161 2487 1334 2530 prebuimus,

263 2534 297 2565 &
315 2542 363 2570 pei·
380 2531 524 2561 Presentes
539 2529 733 2566 imponimus,
757 2527 855 2556 damus
870 2527 901 2557 ὅ(
918 2527 1088 2564 prebemus,
1108 2535 1140 2555 ac
1163 2525 1254 2562 ipsum
1272 2525 1333 2556 Oli-

264 2581 361 2602 vcrum
378 2569 455 2599 Statu
472 2568 578 2598 Titulo
595 2566 722 2596 Honore
739 2566 771 2597 &
792 2564 942 2602 Dignitaie
958 2566 1071 2594 Domini
1087 2566 1221 2602 Tregoze,
1247 2567 1336 2594 Baro-

264 2613 308 2641 nis
319 2612 435 2646 Tregoze
451 2606 483 2636 de
497 2605 666 2643 Highworth
684 2604 812 2642 prediCta
833 2603 1015 2643 insignimus,
1039 2602 1205 2633 investimus
1230 2604 1336 2634 realiter

265 2649 300 2680 &
315 2646 499 2678 nobilitamus
515 2654 565 2681 pei*
580 2643 735 2673 Presentes.

302 2685 480 2717 Habendurn
496 2684 528 2714 &
545 2681 702 2713 tenendum
718 2680 845 2711 Nomen
856 2704 865 2717 ‚
884 2679 1013 2717 Statum,
1039 2679 1169 2710 Gradum
1180 2703 1189 2718 ,
1205 2679 1336 2718 'Stilum,

265 2723 456 2764 Dignitatem,
473 2721 609 2752 Titulum
626 2720 659 2750 ὅ(
678 2720 835 2750 Honorem
851 2721 972 2748 Bai-onis
985 2723 1101 2756 Tregoze
1117 2719 1148 2748 de
1166 2718 1337 2756 Highworth

265 2763 412 2802 predista,
432 2760 541 2800 prefato
556 2759 673 2789 Olivcro
690 2760 722 2790 ὃς
741 2756 903 2788 Heredibus
919 2756 1053 2788 Masculis
1077 2757 1112 2788 de
1138 2756 1272 2796 Corpore
1287 2759 1338 2789 suo

267 2803 435 2835 exeuntibus
451 2801 672 2838 imperpetuum.
917 2836 920 2840 ἢ
948 2835 951 2838 Δ
1138 2835 1143 2840 .
1277 2835 1282 2840 1

305 2840 461 2877 Volentes,
482 2839 514 2869 ὅ(
530 2847 579 2877 per
600 2836 745 2867 Presentes
761 2835 974 2872 concedentes,
997 2843 1052 2873 pro
1073 2836 1158 2865 nobis
1175 2834 1337 2866 Heredibus

267 2881 300 2912 ὃ(
320 2878 534 2910 Successoribus
549 2875 672 2912 nostris,
693 2875 771 2913 quod
787 2874 927 2912 predi&us
940 2873 1073 2903 oliverus
1097 2873 1130 2904 δε
1155 2873 1282 2904 Heredes
1301 2873 1340 2904 sui

269 2918 392 2949 Masculi
410 2915 548 2954 preditsti,
568 2914 710 2952 Nomen,
730 2914 861 2950 Statum,
880 2911 1030 2948 Gradum,
1058 2911 1182 2950 Stilum,
1207 2911 1339 2951 Dignita-

270 2966 348 2994 tem,
365 2955 499 2986 Titulum
518 2955 550 2985 ὃς
565 2953 720 2982 Honorem
741 2954 861 2982 Baronis
876 2953 993 2989 Tregoze
1009 2951 1042 2980 de
1060 2950 1233 2988 Highworth
1248 2952 1342 2989 predi-

272 2996 320 3027 &a
335 2993 486 3025 successive
502 3000 601 3030 gerant
618 2993 649 3022 ὃ(
665 2991 790 3021 habeant
801 3013 810 3028 ,
830 2991 862 3021 ὃ(
880 2999 982 3020 eorum
999 2990 1117 3026 quilibet
1141 2998 1218 3030 gerat
1238 2992 1271 3022 ὃ(
1291 2991 1343 3020 ha-

273 3035 355 3071 beat,
374 3043 422 3070 per
438 3031 561 3062 Nomen
590 3031 707 3059 Barrnis
730 3033 847 3065 Tregoze
871 3029 903 3057 de
925 3027 1096 3066 Highworth
1123 3027 1274 3059 successive
1290 3039 1344 3059 vo-

272 3081 374 3105 centur
391 3072 424 3102 ὃ(
444 3076 663 3106 nuncupentur,
681 3068 713 3098 ὃ(
729 3076 830 3098 eorum
853 3066 971 3104 quilibet
998 3076 1119 3096 vocetur
1140 3067 1173 3098 ὅ(
1197 3076 1347 3105 nuncupe-

274 3120 338 3149 tur3
356 3109 505 3148 Qodque
519 3107 594 3137 idem
611 3105 744 3135 oliverus
758 3107 791 3136 δε
810 3104 937 3136 Heredes
952 3106 991 3135 sui
1008 3104 1131 3135 Masculi
1149 3106 1346 3143 predicte&—

274 3161 350 3180 rones
363 3152 480 3183 Treaoze
494 3146 526 3176 de
541 3143 712 3182 Highworth
729 3145 758 3174 in
776 3145 911 3173 omnibus
930 3152 1095 3181 teneantur,
1114 3143 1147 3174 &
1171 3152 1201 3173 ut
1222 3143 1346 3176 Batones

276 3189 433 3220 tractentur
446 3186 479 3216 &
493 3193 658 3223 reputentur
672 3205 681 3219 ,
703 3183 736 3212 &
756 3192 854 3212 eorum
870 3182 989 3220 quilibet
1013 3190 1140 3212 teneatur
1166 3182 1299 3213 transtetur
1313 3184 1346 3214 &

279 3235 441 3264 reputetur,
457 3223 634 3261 habeantque
652 3229 769 3251 teneant
791 3222 822 3251 ὃς
848 3219 1022 3258 possideant,
1042 3220 1076 3250 &
1101 3229 1202 3250 eorum
1229 3221 1348 3258 quilibet

280 3266 381 3296 habeat
399 3270 490 3294 teneat
507 3263 541 3293 δε
561 3260 714 3298 possideat,
741 3259 845 3290 Sedem
870 3258 988 3289 Locum
1007 3258 1039 3288 δε
1061 3257 1177 3288 Vocem
1196 3260 1225 3289 in
1245 3258 1347 3290 Parlia-

283 3312 382 3334 mento
403 3304 434 3332 St
456 3301 582 3331 Publicis
604 3298 743 3328 Comitiis
758 3307 841 3335 atque
860 3296 1000 3327 Conciliis
1017 3295 1130 3335 nostris,
1149 3296 1298 3328 Heredum
1314 3300 1348 3330 &

282 3340 485 3373 Successorum
504 3337 673 3369 nostrorum
691 3335 817 3372 Anglie,
835 3336 906 3366 inter
924 3336 992 3365 alios
1019 3335 1139 3365 Baiones
1163 3345 1194 3366 ut
1227 3336 1348 3368 Baton&

283 3379 471 3412 Parliamenti
486 3379 517 3409 ὃ(
537 3376 721 3415 publicorum
738 3374 934 3405 comitiorum
951 3383 1034 3411 atque
1047 3372 1261 3412 Conciliorum,
1280 3386 1346 3407 ncc-

286 3429 347 3450 non
363 3418 454 3448 dietus
473 3416 602 3446 oliverus
619 3415 651 3446 ὅ(
669 3414 795 3445 Heredes
816 3414 855 3442 sui
881 3411 1001 3442 Masculi
1024 3413 1140 3451 predicti
1160 3413 1296 3449 gaudeant
1315 3416 1348 3447 &

286 3466 416 3493 utantur,
435 3456 467 3485 &
482 3464 585 3484 corum
603 3453 722 3491 quilibet
738 3451 855 3492 gaudeat
873 3451 905 3481 δε
923 3460 1030 3487 utatur,
1047 3460 1096 3489 per
1112 3450 1237 3481 Nomen
1260 3455 1348 3483 Baro-

290 3500 333 3526 nis
348 3499 465 3531 Tregoze
477 3493 508 3522 de
523 3491 693 3530 Highworth
706 3490 850 3529 predieia,
865 3490 1001 3520 omnibus
1016 3491 1048 3520 ὃ(
1069 3489 1180 3527 singulis
1193 3490 1345 3530 talibusJu-

288 3536 385 3571 ribus,
404 3532 572 3569 privilegiis,
592 3529 828 3561 Prehemineritiis
846 3529 879 3560 ὃ(
903 3527 1130 3571 Immunitatibus
1153 3527 1240 3558 Statui
1263 3529 1348 3560 Baro-

290 3575 332 3603 nis
346 3574 374 3601 in
388 3571 524 3600 omnibus
537 3571 589 3599 rite
603 3570 635 3599 &
651 3569 685 3599 de
699 3569 756 3606 jure
770 3567 990 3605 pertinentibus,
1009 3567 1112 3604 quibus
1126 3568 1210 3596 ceteri
1228 3567 1348 3599 Barones

289 3611 372 3649 hujus
389 3608 485 3647 Regni
500 3608 586 3637 nostri
605 3607 708 3645 Anglie
723 3615 787 3638 ante
806 3606 860 3636 hec
883 3613 1012 3642 tempora
1035 3604 1132 3635 melius
1155 3605 1346 3637 honorificen-

141 3677 220 3708 Ann.
235 3675 278 3709 D.

172 3715 256 3747 1626.

143 3758 240 3782 A½.2.

426 3738 561 3783 Conceffio
584 3739 627 3772 ad
647 3743 682 3773 V
683 3743 759 3773 itam
782 3737 941 3773 Edmundo
965 3741 1075 3786 Verney
1100 3740 1217 3773 Militi.

143 3796 207 3819 Car.
230 3802 253 3821 t.
286 3802 289 3803 ⁷

143 3835 202 3858 Pae.
220 3839 246 3857 2.

144 3873 209 3895 Car.
230 3879 253 3895 i.

142 3913 170 3943 p.
192 3916 217 3934 2.

144 3954 169 3973 n.
192 3945 234 3974 18.

300 3874 455 3928 CHAR
466 3875 528 3904 LE
538 3878 556 3904 S
566 3897 575 3912 ,
594 3875 632 3913 by
649 3875 698 3905 the
715 3873 810 3906 Grace
824 3874 862 3904 of
872 3873 962 3912 God,
981 3873 1042 3920 &e
1059 3870 1112 3904 To
1127 3874 1177 3904 the
1192 3873 1355 3914 Treaficrer,

359 3911 537 3941 Chaunrellor
547 3935 555 3947 ,
574 3917 598 3939 U
601 3911 823 3951 ndertreasurer,
841 3911 1061 3942 Chamberlames
1074 3912 1126 3942 and
1143 3916 1248 3944 Barons
1264 3913 1298 3952 of
1307 3912 1354 3944 the

292 3949 475 3991 Exdaequer,
493 3950 529 3981 of
544 3950 589 3982 Us
604 3950 668 3980 Our
686 3950 774 3983 Heirs
790 3951 844 3983 and
858 3951 1036 3990 Suceeffors,
1054 3951 1100 3982 for
1114 3951 1163 3982 the
1179 3959 1256 3991 ryme
1273 3953 1353 3984 bein-

1303 3998 1356 4030 ge,

1363 179 1468 202 tuntur.

1401 209 1544 241 Volumus
1562 212 1662 249 etiam,
1681 213 1740 244 &c.
1759 211 1861 250 absque
1880 211 1936 243 fine
1952 212 1982 242 in
2000 210 2182 252 Hanaperio,
2200 215 2262 247 &c.

1400 248 1446 278 Eo
1464 249 1542 286 quod
1555 251 1678 289 expressa
1692 252 1822 288 mentio,
1841 251 1901 282 ἃς.

1399 286 1435 317 In
1454 289 1532 325 cujus
1549 290 1605 328 rei,

1398 362 1489 395 Teste
1503 363 1586 404 Rege
1600 366 1672 406 apud
1690 364 1963 407 {Vestmonasterium
1980 366 2103 408 vicefimo
2113 370 2202 406 primo
2220 370 2274 398 Die
2289 372 2372 401 Maii.

1704 445 1759 474 Per
1776 445 1870 473 Breve
1888 443 1919 472 de
1938 444 2063 474 Privato
2080 442 2187 484 sigillo,
2205 444 2266 481 &a

1385 574 1435 606 De
1457 572 1628 617 Conccffione
1651 576 1814 607 Creationis
1835 575 1964 607 Domino
1987 575 2124 607 Carleton
2145 578 2176 607 in
2201 577 2392 624 Dignitatem

1593 624 1719 656 Baronis
1742 623 1879 657 Carleton
1905 621 1942 655 de
1962 620 2173 657 Imbercourte.

1345 722 1348 724 ·
1369 706 1514 762 REX,
1533 710 1595 740 &c.
1613 708 1856 778 Archiepiscogis,
1874 708 2024 746 Ducibus,
2045 687 2282 747 Marchionibus,
2299 708 2426 742 Comiti-

1447 748 1498 778 bus
1506 769 1515 786 ,
1534 747 1765 778 vicecomitibus
1772 771 1781 786 ,

2467 180 2536 207 162<

2445 220 2498 246 An.
2514 226 2536 244 2.

2441 261 2504 286 Car.
2527 265 2536 282 i

2446 705 2521 738 Anti⁴
2530 707 2536 737 l

1828 747 1966 792 piscopisn,
1984 747 2159 786 Batonibus,
2177 746 2339 786 Militibus,
2357 748 2424 780 Pre-
2462 746 2536 776 1626

1365 781 1477 826 positis,
1492 785 1587 815 liberis
1607 785 1805 824 Hominibus,
1822 785 1992 824 Officiariis,
2010 785 2150 816 Ministris
2168 786 2202 817 δι’,
2223 786 2348 817 Subditis
2368 798 2422 819 no—
2439 787 2492 813 An.
2507 795 2536 815 2·

1365 819 1426 851 stris
1446 823 1672 862 quibuscunque,
1691 825 1725 854 ad
1746 835 1818 864 quos
1841 824 1986 857 Presentes
2009 824 2106 855 Litere
2127 825 2325 863 pervenerint,
2342 825 2419 857 Salu-
2438 826 2502 851 Car.
2526 835 2536 852 1

1362 866 1433 890 tem.

2439 864 2499 890 ΡΜ.
2513 873 2536 890 2.

1397 898 1476 931 Cum
1493 898 1740 940 Magnificentiam
1760 903 1794 933 &
1811 902 1933 940 Regiam
1952 901 2133 941 Majestatem
2150 901 2221 932 nihil
2243 903 2331 942 magis
2353 902 2417 933 illu·-
2435 904 2502 929 Car.
2520 912 2529 929 ¹

1360 934 1447 976 stret,
1464 949 1512 969 aut
1533 939 1640 979 Regale
1660 939 1817 978 Fastigium
1841 942 1874 971 &
1897 940 2107 972 Celsitudinem
2135 942 2223 981 magis
2242 941 2360 972 adornet
2380 943 2414 973 ὃ(
2431 944 2456 975 P·
2482 948 2524 975 ¹7·

1357 975 1508 1016 adaugeat,
1527 987 1612 1016 quarn
1626 977 1913 1013 HonoresiVirtutis
1925 979 2061 1009 Stimulos
2073 981 2106 1011 ὅτ.
2120 979 2243 1016 Premia)
2260 981 2313 1010 rite
2322 981 2417 1019 dispo-
2429 987 2456 1006 n.
2475 987 2503 1007 2·

1359 1024 1426 1046 nere
1439 1017 1472 1047 &
1488 1016 1670 1055 distribuere,
1689 1016 1826 1055 Virosque
1839 1016 1928 1046 claros
1943 1017 1975 1047 &
1987 1019 2135 1056 egregios,
2150 1018 2264 1056 aliisque
2277 1018 2419 1050 celebrio-

1358 1063 1419 1092 res,
1436 1056 1469 1085 &
1483 1054 1519 1085 de
1536 1055 1621 1093 Rege
1636 1056 1669 1086 ὃς
1684 1055 1719 1086 de
1734 1055 1824 1086 Patria
1838 1056 1951 1092 optime
1962 1057 2095 1094 meritos,
2112 1066 2162 1093 pro
2172 1057 2346 1088 Meritorum
2355 1058 2419 1089 suo-

1358 1102 1422 1123 rum
1438 1093 1587 1131 qualitate,
1606 1093 1844 1133 Dignitatibus&
1854 1093 2012 1124 Honorum
2024 1095 2149 1132 apicibus
2163 1095 2312 1135 insignire,
2322 1096 2420 1127 Cum-

1359 1141 1414 1169 que
1430 1133 1519 1163 etiam
1535 1135 1562 1163 in
1580 1132 1870 1170 hujusmodiPremiis
1884 1132 2100 1170 distribuendis,
2118 1132 2190 1164 nihil
2198 1134 2238 1164 est
2251 1136 2338 1173 magis
2346 1145 2419 1166 con-

1358 1171 1473 1201 veniens
1486 1172 1519 1202 &
1534 1180 1693 1209 congruum
1708 1181 1793 1211 quarn
1810 1181 1842 1201 ex
1856 1172 1976 1209 antiquis
1991 1172 2024 1202 &
2039 1172 2181 1207 generosis
2195 1173 2308 1202 familiis
2319 1182 2418 1213 ortos,

1359 1209 1493 1246 precipue
1510 1219 1578 1241 cum
1596 1211 1715 1241 heroicis
1728 1210 1829 1241 Animi
1843 1210 1958 1241 dotibus
1975 1210 2094 1247 majores
2115 1209 2178 1240 suos
2198 1211 2417 1252 adequaverint,

1359 1247 1529 1278 Honoribus
1545 1249 1744 1279 condecorare.

1382 1285 1465 1329 ‘Nos
1481 1287 1567 1326 igitur
1578 1287 1733 1318 recolentes
1748 1287 1781 1318 &
1805 1297 1912 1319 mature
1935 1285 2154 1328 perpendentes,
2173 1295 2311 1326 quantum
2328 1297 2345 1319 a
2366 1298 2422 1319 no-

1359 1323 1417 1363 bis,
1437 1336 1451 1355 a
1467 1327 1548 1356 beate
1561 1327 1700 1356 memorie
1715 1325 1796 1357 Patre
1811 1327 1908 1358 nostro
1918 1350 1925 1363 .‚
1944 1328 1976 1358 &
1990 1337 2005 1357 a
2022 1326 2191 1357 serenissima
2205 1328 2307 1358 Sorore
2315 1327 2421 1365 nostra,

1359 1362 1476 1394 dilectus
1490 1365 1522 1395 ἃ
1541 1374 1674 1402 perquam
1690 1364 1776 1395 fidelis
1790 1367 1885 1395 noster
1903 1365 2035 1396 Dudleius
2053 1364 2181 1395 Carleton
2197 1365 2222 1396 E
2244 1365 2341 1395 uestris
2360 1365 2420 1397 Or-

1360 1401 1450 1439 dinis,
1467 1403 1498 1433 &
1512 1412 1546 1433 ex
1561 1404 1676 1441 antiqua
1694 1403 1899 1434 Carletonorum
1911 1404 2028 1434 Familia
2042 1403 2178 1434 oriundus
2189 1426 2198 1442 ,
2249 1405 2422 1435 icecamera-

1360 1440 1414 1470 rius
1429 1440 1554 1478 Hospitii
1570 1441 1674 1479 nostri,
1695 1442 1728 1472 &
1744 1453 1814 1472 unus
1830 1453 1844 1473 a
1863 1443 2047 1473 unctioribus
2068 1442 2201 1472 Consiliis
2222 1442 2340 1480 nostris,
2358 1453 2422 1474 me-

1360 1480 1428 1509 ritus
1446 1479 1486 1510 est
1499 1503 1508 1518 ,
1529 1489 1632 1518 quanta
1656 1480 1809 1511 Prudentia
1825 1483 1858 1512 &
1883 1490 1968 1519 quam
1987 1481 2064 1511 felici
2088 1481 2223 1511 Succeli'u
2243 1481 2270 1512 se
2290 1481 2422 1520 gesserit,
2441 1503 2444 1509 .

1361 1518 1477 1555 quando
1494 1520 1521 1548 in
1539 1518 1650 1549 diversis
1666 1519 1874 1556 Legationibus
1891 1519 1965 1556 apud
1977 1518 2174 1549 illustrissirnos
2189 1523 2338 1550 Unitarum
2351 1522 2421 1550 Pro—

1360 1560 1514 1586 vinciarum
1531 1560 1678 1595 Dominos,
1695 1558 1767 1595 apud
1785 1560 1918 1595 Venetas,
1934 1558 2005 1595 apud
2023 1560 2124 1587 Ducem
2141 1558 2293 1596 Sabatra'ie,
2311 1559 2345 1588 &
2367 1569 2421 1596 po-

1361 1594 1468 1626 stremo
1487 1595 1559 1632 apud
1587 1595 1792 1626 inclitissimum
1818 1597 1850 1627 ὃ(
1871 1595 2118 1634 prechariffimum
2141 1596 2268 1628 Fratrem
2289 1596 2422 1628 nostrum

1360 1637 1523 1664 Francorum
1539 1637 1651 1673 Regem,
1690 1645 1718 1664 er
1734 1634 1874 1665 sexdecim
1892 1635 1993 1664 Annos
2017 1635 2144 1670 integros
2162 1636 2275 1672 grandia
2290 1635 2422 1675 Negotia

1361 1671 1517 1704 Honorem
1540 1674 1572 1703 &
1597 1674 1670 1704 lnco
1684 1674 1831 1703 umitatem
1846 1673 1971 1702 nostrani
1999 1672 2032 1703 δε
2052 1672 2147 1710 Regni
2164 1674 2250 1703 nostri
2271 1675 2300 1703 in
2323 1675 2421 1711 primis

1361 1713 1582 1749 concernentia,
1600 1721 1633 1743 ex
1651 1722 1726 1749 parte
1740 1712 1833 1742 nostra
1848 1711 2023 1748 trailaverit,
2043 1718 2200 1748 quantaque
2216 1711 2337 1743 Morum
2360 1713 2420 1744 sua-

1361 1751 1590 1793 vitaz-quantis
1614 1752 1646 1782 ὃ(
1664 1751 1763 1781 Animi
1779 1751 1811 1781 ὃς
1833 1750 1974 1787 Corporis
1990 1749 2105 1780 dotibus
2123 1758 2190 1779 vere
2209 1751 2347 1787 generosis
2364 1753 2422 1782 im-

1361 1788 1446 1820 butus
1459 1793 1490 1818 iit
1500 1813 1509 1825 ,
1527 1788 1645 1828 dignum
1662 1789 1743 1819 illum
1756 1788 1812 1820 esse
1825 1788 1956 1818 duximus
1972 1797 2058 1826 quern
2073 1788 2102 1817 in
2111 1789 2289 1819 numerum*
2298 1788 2421 1830 Magna·
2434 1786 2454 1808 ²*
2460 1789 2529 1819 XVI
2534 1792 2536 1818 ζ

1361 1836 1424 1858 tum
1439 1829 1471 1859 &
1488 1828 1570 1867 hujus
1588 1828 1683 1867 Regni
1699 1827 1856 1858 Procerum
1873 1827 2051 1865 adoptemus.

1400 1866 1500 1897 Sciatis
1515 1867 1597 1905 igitur
1609 1867 1686 1905 quod
1696 1890 1706 1906 ,
1724 1868 1761 1897 de
1774 1866 1873 1897 Gratia
1888 1867 1980 1897 nostra
1992 1865 2118 1903 speciali,
2135 1875 2167 1896 ac
2181 1875 2216 1897 ex
2232 1874 2309 1898 certa
2326 1867 2425 1900 Scien-

1363 1905 1399 1936 tia
1414 1906 1445 1936 &
1462 1915 1545 1936 mero
1566 1904 1656 1936 Motu
1672 1905 1790 1944 nostris,
1806 1904 1945 1944 prefatum
1962 1903 2114 1943 Dudleyum
2127 1905 2256 1935 Carleton
2276 1905 2424 1946 Militem,

1363 1944 1397 1974 ad
1420 1943 1530 1974 Statum
1548 1943 1681 1974 Gradum
1701 1942 1881 1983 Dignitatem
1898 1944 1931 1974 δε
1947 1942 2105 1974 Honorem
2119 1946 2237 1973 Baronis
2250 1943 2380 1977 Carleton
2394 1946 2440 1976 dei

1364 1983 1542 2013 Imberciurte
1557 1984 1584 2012 in
1602 1982 1753 2014 Comitatu
1766 1982 1866 2013 nostro
1873 1985 1966 2012 Surrie
1978 1983 2116 2013 ereximus
2131 1982 2429 2021 prefecimus&crea.

1366 2024 1458 2053 vimus
1493 2021 1638 2060 ipsumque
1656 2021 1810 2060 Dudleyum
1825 2021 1955 2051 earleton
1974 2019 2122 2059 Militem,
2142 2024 2281 2052 Baronem
2301 2022 2432 2054 carleton

1366 2061 1398 2091 de
1418 2064 1460 2090 Im
1480 2068 1598 2090 ercourte
1619 2060 1760 2098 prediem,
1778 2069 1877 2091 tenore
1899 2059 2093 2096 Presentium,
2111 2060 2248 2099 erigimus
2270 2061 2437 2098 preficimus

1368 2100 1402 2132 &
1416 2109 1563 2137 creamus,
1581 2100 1673 2130 eidem
1696 2108 1731 2129 ue
1747 2096 1871 2137 Dudleyo
1892 2097 2034 2135 Nomen,
2053 2098 2184 2136 Statum,
2205 2098 2340 2131 Gradurn
2377 2100 2435 2132 Sti-

1370 2139 1431 2169 ]um
1441 2161 1451 2176 ,
1469 2137 1647 2177 Dignitatem
1658 2161 1668 2176 ,
1718 2137 1821 2168 itulum
1835 2139 1868 2170 δε
1881 2136 2035 2167 Honorem
2050 2140 2171 2167 Barom's
2186 2136 2317 2169 Carleton
2332 2124 2366 2170 a7e
2377 2142 2437 2170 Im-

1373 2177 1511 2208 bercourte
1527 2177 1653 2214 prediCta
1670 2176 1856 2214 imposuimus
1877 2176 2006 2206 dedimus
2027 2177 2206 2213 prebuimus,
2224 2185 2257 2206 ac
2292 2187 2343 2215 per
2366 2177 2438 2209 Pre-

1372 2217 1479 2253 sentes,
1498 2217 1672 2254 imponimus
1688 2214 1788 2245 damus
1809 2215 1843 2246 &
1859 2215 2030 2252 prebemus,
2044 2224 2078 2244 ac
2091 2213 2181 2252 ipsum
2196 2199 2353 2256 Dudieyum
2367 2220 2438 2246 Car.

1373 2255 1446 2285 leton
1466 2253 1544 2285 Statu
1559 2254 1661 2284 Titulo
1677 2252 1802 2284 Honore
1818 2253 1851 2284 ὃ(
1871 2253 2018 2292 Dignitate
2035 2254 2149 2283 Domini
2168 2253 2300 2284 Carleton
2320 2258 2440 2285 Baronis

1373 2293 1505 2324 carleton
1520 2293 1553 2322 de
1567 2292 1745 2322 Imbercourte
1763 2291 1906 2330 predit‘la,
1925 2291 2092 2331 insignimus
2106 2291 2273 2324 investimus
2283 2292 2317 2324 &
2329 2293 2438 2324 realiter

1374 2333 1556 2363 nobilitamus
1567 2341 1615 2370 per
1629 2330 1787 2368 Presentes,

1412 2370 1589 2402 Habendum
1608 2370 1813 2402 &tenendum
1837 2369 1982 2407 Nomen,
1999 2369 2128 2407 Statum,
2146 2367 2297 2404 Gradum,
2316 2367 2441 2407 Stilum,

1378 2411 1560 2448 Dignitatem
1570 2432 1580 2448 ,
1597 2408 1732 2440 Titulum
1744 2409 1777 2440 ἃ
1793 2407 1946 2438 Honorem
1963 2408 2078 2439 Baronis
2088 2405 2216 2436 Carleton
2228 2406 2260 2435 de
2275 2407 2442 2437 Imbercour-

1379 2458 1407 2480 te
1425 2449 1568 2487 predicta,
1586 2447 1693 2486 prefato
1709 2446 1831 2486 Dudleyo
1845 2447 1877 2477 ὃ(
1889 2445 2194 2477 HeredibusMasculis
2209 2444 2441 2484 deCorporesuo

1379 2487 1548 2519 exeuntibus
1560 2489 1790 2524 imperpetuum,
1809 2485 1947 2515 Veientes
1982 2484 2016 2515 &
2036 2493 2086 2521 per
2110 2481 2256 2514 Presentes
2277 2485 2443 2516 conceden-

1380 2536 1437 2564 tes,
1453 2535 1505 2564 pio
1520 2526 1603 2555 nobis
1621 2524 1782 2555 Heredibus
1795 2525 1829 2555 &
1846 2507 2065 2553 Successoribus
2078 2520 2179 2552 nostris
2189 2546 2198 2559 ,
2216 2522 2293 2560 quod
2302 2523 2445 2561 predi-stus

1379 2566 1519 2605 Dudleyus
1540 2564 1573 2594 δε
1600 2562 1727 2592 Heredes
1751 2562 1790 2592 sui
1808 2561 1929 2592 Masculi
1956 2560 2116 2598 predictum
2139 2559 2263 2591 Nomen
2279 2585 2289 2599 ,
2315 2561 2446 2601 Statum,

1383 2604 1536 2640 Gradum,
1560 2601 1682 2640 Srssum,
1707 2599 1883 2638 Dignitatem
1897 2622 1907 2638 ,
1930 2599 2063 2629 Titulum
2086 2599 2118 2630 ὅ(
2141 2598 2297 2630 Honorem
2324 2603 2444 2631 Barom‘s

1384 2642 1514 2673 Carleton
1527 2641 1560 2670 de
1577 2639 1757 2669 Ymberwmte
1771 2637 1895 2676 predicsta
1905 2661 1913 2676 ,
1931 2636 2085 2668 successive
2096 2645 2194 2676 gerant
2207 2638 2240 2668 ὃ(
2256 2638 2394 2676 habeant,
2409 2640 2444 2670 &

1384 2690 1485 2712 eorum
1505 2679 1623 2717 quilibet
1638 2686 1715 2715 gerat
1732 2678 1765 2708 &
1782 2677 1895 2713 habeat,
1913 2675 1944 2707 ὃ(
1961 2686 2009 2714 per
2026 2675 2150 2706 Nomen
2173 2678 2293 2706 Baronis
2313 2676 2444 2707 Carleton

1383 2722 1415 2750 de
1438 2719 1633 2754 Inbfrcourte,
1651 2715 1804 2746 successive
1826 2723 1968 2745 vocentur
1992 2715 2026 2746 &
2047 2723 2264 2752 nuncupentur,
2283 2716 2316 2747 ὅ(
2342 2725 2445 2746 eorum

1383 2759 1503 2797 quilibet
1518 2764 1636 2787 vocetur
1651 2755 1684 2786 &
1703 2763 1902 2792 nuncupetur,
1923 2753 2074 2791 Quodque
2088 2753 2164 2783 idem
2181 2753 2320 2793 Dudleyus
2333 2755 2364 2786 ὃς
2382 2753 2446 2784 He-

1386 2797 1465 2828 redes
1485 2796 1521 2825 sui
1541 2793 1663 2824 Masculi
1680 2793 1801 2831 predicti
1825 2792 1979 2823 successive
2003 2794 2129 2822 Barones
2145 2791 2275 2822 Carletcn
2295 2792 2327 2822 de
2347 2793 2451 2823 Imber-

1385 2842 1475 2866 ccurte
1491 2835 1518 2864 in
1533 2833 1667 2863 cmnibus
1681 2841 1845 2868 teneantur,
1863 2831 1895 2861 &
1914 2839 1945 2861 ut
1960 2829 2080 2861 Barones
2096 2829 2249 2860 tractentur
2266 2832 2299 2863 &
2320 2840 2452 2869 reputen-

1389 2884 1452 2911 tur,
1469 2873 1502 2904 &
1519 2881 1619 2902 torem
1633 2871 1750 2904 quilibet
1767 2878 1892 2900 teneatur
1907 2869 2041 2899 tiacletur
2055 2869 2086 2900 ὅ(
2098 2877 2256 2906 reputetur,
2274 2870 2451 2907 habeantque

1387 2911 1547 2944 teneant&
1563 2908 1737 2948 possideant,
1755 2910 1787 2940 δε
1805 2917 1907 2939 eorum
1933 2908 2051 2946 quilibet
2067 2907 2172 2937 habeat
2193 2915 2287 2938 teneat
2307 2908 2353 2939 &¹
2383 2908 2450 2940 offit

1388 2953 1465 2989 (leat,
1484 2950 1588 2981 Sedem
1605 2947 1722 2978 Locum
1737 2948 1769 2980 &
1788 2946 1901 2978 Vocem
1917 2947 1945 2976 in
1960 2946 2154 2977 Parliameritis
2167 2945 2199 2976 ὃ(
2214 2946 2336 2985 publicis
2345 2918 2451 2978 epomi-

1388 2993 1432 3023 tiis
1445 2998 1530 3027 atque
1542 2987 1675 3018 Consiliis
1689 2986 1791 3016 nostris
1804 2985 1954 3015 Heredum
1969 2986 2000 3016 ὅ(
2013 2983 2215 3015 Successorum
2231 2984 2398 3016 nostrorum
2408 2986 2453 3015 in-

1390 3031 1432 3060 fra
1445 3028 1583 3067 Regnum
1599 3024 1727 3055 nostrum
1746 3023 1867 3061 Anglie,
1885 3024 1957 3054 inter
1971 3023 2038 3054 alios
2055 3022 2177 3054 Berones
2192 3031 2222 3053 ut
2239 3023 2360 3055 Barones
2381 3022 2452 3055 Par-

1381 3070 1512 3099 iliarnenti
1527 3066 1560 3097 &
1576 3064 1760 3102 publicorum
1776 3061 1972 3093 Comitiorum
1983 3070 2068 3100 atque
2084 3060 2297 3099 Consiliorum,
2318 3062 2452 3093 Necnon

1392 3107 1484 3138 dietus
1502 3103 1640 3142 Dudleyus
1652 3102 1685 3132 &
1702 3101 1829 3132 Heredes
1845 3101 1886 3132 sui
1904 3100 2025 3131 Masculi
2038 3100 2157 3138 predichi
2169 3100 2314 3136 gaudeant
2330 3102 2453 3133 &utan-

1395 3154 1456 3182 tur,
1475 3143 1508 3174 &
1527 3150 1627 3172 eorum
1650 3140 1770 3178 quilibet
1792 3141 1910 3177 gaudeat
1932 3139 1965 3170 ὃς
1986 3147 2098 3177 utatur,
2116 3147 2164 3177 per
2187 3136 2313 3169 Nomen
2336 3142 2456 3171 Baronis

1393 3182 1525 3213 carleton
1538 3180 1570 3209 de
1584 3179 1764 3209 Imbercourte
1778 3179 1914 3209 omnibus
1928 3179 1961 3208 &
1976 3178 2089 3217 singulis
2110 3176 2211 3207 talibus
2226 3177 2343 3217 Juribus
2360 3178 2454 3209 Privi-

1393 3222 1471 3261 legiis
1486 3219 1722 3249 Preheminentiis
1736 3218 1768 3248 ὃ(
1784 3216 2013 3247 Immunitatibus
2034 3215 2116 3245 statui
2136 3214 2252 3246 Batonis
2266 3217 2294 3246 in
2319 3217 2454 3247 omnibus

1396 3262 1447 3291 rite
1466 3259 1499 3290 &
1517 3257 1551 3288 de
1563 3258 1627 3295 jure
1649 3256 1871 3294 pertinentibus,
1890 3255 1992 3293 quibus
2013 3254 2099 3285 ceteri
2119 3252 2240 3284 Baiones
2259 3255 2338 3291 huius
2355 3253 2453 3293 Regni

1395 3297 1484 3330 nostri
1500 3295 1603 3333 Azglie
1617 3304 1681 3325 ante
1696 3295 1750 3325 hec
1763 3303 1893 3331 tempora
1912 3292 2011 3323 melius
2030 3290 2265 3325 honorificentius
2282 3293 2315 3324 ὃ(
2330 3293 2451 3331 quietius

1396 3338 1434 3368 usi
1451 3337 1502 3365 sint
1519 3335 1551 3365 ὃς
1568 3334 1672 3372 gavisi,
1692 3333 1736 3363 seu
1753 3334 1781 3362 in
1796 3332 1914 3372 presenti
1929 3330 2049 3369 gaudent
2064 3331 2097 3362 ὅ(
2114 3338 2241 3361 utuntur.

1432 3374 1576 3406 Volumus
1587 3373 1688 3409 etiam,
1707 3372 1769 3404 ἃς.
1787 3371 1889 3411 absque
1907 3369 1964 3401 fine
1979 3370 2009 3403 in
2025 3368 2208 3410 Hanaperio,
2222 3371 2283 3403 ὅσα.

1424 3453 1459 3485 In
1479 3450 1559 3489 cujus
1577 3449 1631 3487 rei,
1650 3447 1713 3480 &c.

1427 3527 1518 3560 Teste
1533 3526 1618 3567 Rege
1635 3524 1710 3565 apud
1727 3523 1996 3564 westmonasterium,
2013 3524 2136 3566 vicesimo
2144 3521 2260 3562 [beando
2276 3524 2333 3553 Die
2350 3526 2434 3557 Maii.

1772 3604 1827 3632 Per
1845 3604 1946 3632 Breve
1959 3601 1992 3632 de
2009 3602 2132 3631 Privato
2151 3598 2260 3640 Sigillo,
2277 3598 2340 3636 &c.

1419 3741 1533 3775 Brevet
1558 3736 1597 3773 de
1628 3737 1759 3774 Penfion
1789 3749 1825 3773 en
1840 3737 1958 3821 xfraveur
1991 3733 2037 3770 du
2068 3731 2236 3769 chevalier
2267 3733 2422 3785 Edmond

1876 3795 1983 3833 erney.

1406 3873 1488 3932 CH
1498 3873 1524 3903 A
1533 3873 1563 3904 R
1574 3872 1599 3903 L
1608 3872 1633 3905 E
1642 3871 1662 3903 S
1672 3895 1682 3910 ,
1695 3879 1749 3919 Bas
1759 3871 1793 3916 la⁸
1797 3881 1877 3910 grace
1891 3870 1922 3900 de
1928 3872 2000 3900 Dieu
2008 3892 2018 3906 ,
2036 3868 2098 3899 δίε.
2117 3868 2171 3898 “Au
2179 3867 2347 3918 Tresorier,
2363 3867 2463 3914 Chatti

1475 3913 1575 3950 celier,
1591 3911 1701 3942 Sous-'I
1712 3916 1843 3948 relorier,
1853 3906 2054 3939 Chambellans
2064 3906 2102 3940 &
2111 3906 2215 3936 Barons
2230 3907 2266 3937 de
2279 3908 2287 3937 l
2298 3907 2465 3949 Echiquier‚

1411 3962 1443 3983 ou
1459 3954 1505 3993 qui
1520 3950 1650 3989 leserunt
1660 3957 1730 3987 pour
1746 3958 1831 3987 nous,
1848 3957 1894 3980 nos
1907 3948 2045 3978 Heritiers
2061 3943 2100 3982 ό
2112 3944 2288 3985 Sueteffiurs,
2304 3945 2343 3983 ό
2361 3944 2381 3976 ἃ
2403 3954 2462 3980 taus

2417 3986 2455 4019 les

2439 1829 2506 1865 7¹⁶2
