<?xml version="1.0" encoding="UTF-8"?>
<!DOCTYPE html PUBLIC "-//W3C//DTD XHTML 1.0 Transitional//EN"
    "http://www.w3.org/TR/xhtml1/DTD/xhtml1-transitional.dtd">
<html xmlns="http://www.w3.org/1999/xhtml" xml:lang="en" lang="en">
 <head>
  <title>
</title>
<meta http-equiv="Content-Type" content="text/html;charset=utf-8" />
  <meta name='ocr-system' content='tesseract 3.04.00' />
  <meta name='ocr-capabilities' content='ocr_page ocr_carea ocr_par ocr_line ocrx_word'/>
</head>
<body>
  <div class='ocr_page' id='page_1' title='image "./fderaconventione08ryme_0368.png"; bbox 0 0 2536 4255; ppageno 0'>
   <div class='ocr_carea' id='block_1_1' title="bbox 105 177 241 369">
    <p class='ocr_par' dir='ltr' id='par_1_1' title="bbox 105 177 241 369">
     <span class='ocr_line' id='line_1_1' title="bbox 132 177 220 208; baseline -0.011 0"><span class='ocrx_word' id='word_1_1' title='bbox 132 177 220 208; x_wconf 80' lang='lat'>1626.</span> 
     </span>
     <span class='ocr_line' id='line_1_2' title="bbox 106 222 208 247; baseline -0.01 -3"><span class='ocrx_word' id='word_1_2' title='bbox 106 222 161 247; x_wconf 81' lang='lat' dir='ltr'>An.</span> <span class='ocrx_word' id='word_1_3' title='bbox 182 227 208 244; x_wconf 78' lang='lat'>2.</span> 
     </span>
     <span class='ocr_line' id='line_1_3' title="bbox 105 261 215 285; baseline 0.018 -2"><span class='ocrx_word' id='word_1_4' title='bbox 105 261 168 285; x_wconf 62' lang='lat' dir='ltr'>Car.</span> <span class='ocrx_word' id='word_1_5' title='bbox 192 264 215 282; x_wconf 88' lang='lat'>¹.</span> 
     </span>
     <span class='ocr_line' id='line_1_4' title="bbox 108 295 241 322; baseline 0.008 -1"><span class='ocrx_word' id='word_1_6' title='bbox 108 295 241 322; x_wconf 70' lang='lat' dir='ltr'>*xvuL</span> 
     </span>
     <span class='ocr_line' id='line_1_5' title="bbox 110 342 173 369; baseline -0.016 -7"><span class='ocrx_word' id='word_1_7' title='bbox 110 342 173 369; x_wconf 74' lang='lat'>794.</span> 
     </span>
    </p>
   </div>
   <div class='ocr_carea' id='block_1_2' title="bbox 122 2332 259 2602">
    <p class='ocr_par' dir='ltr' id='par_1_2' title="bbox 122 2332 259 2602">
     <span class='ocr_line' id='line_1_6' title="bbox 122 2332 259 2365; baseline -0.007 0"><span class='ocrx_word' id='word_1_8' title='bbox 122 2333 200 2365; x_wconf 72' lang='lat' dir='ltr'>Arm.</span> <span class='ocrx_word' id='word_1_9' title='bbox 217 2332 259 2364; x_wconf 88' lang='lat' dir='ltr'>D.</span> 
     </span>
     <span class='ocr_line' id='line_1_7' title="bbox 137 2371 233 2402; baseline -0.01 0"><span class='ocrx_word' id='word_1_10' title='bbox 137 2371 233 2402; x_wconf 53' lang='lat'>2626.</span> 
     </span>
     <span class='ocr_line' id='line_1_8' title="bbox 122 2415 218 2439; baseline 0 0"><span class='ocrx_word' id='word_1_11' title='bbox 122 2415 174 2439; x_wconf 67' lang='lat' dir='ltr'>Aa.</span> <span class='ocrx_word' id='word_1_12' title='bbox 194 2423 218 2439; x_wconf 87' lang='lat'>2.</span> 
     </span>
     <span class='ocr_line' id='line_1_9' title="bbox 123 2455 222 2478; baseline -0.01 0"><span class='ocrx_word' id='word_1_13' title='bbox 123 2455 185 2478; x_wconf 71' lang='lat' dir='ltr'>Car.</span> <span class='ocrx_word' id='word_1_14' title='bbox 200 2461 222 2478; x_wconf 91' lang='lat'>1.</span> 
     </span>
     <span class='ocr_line' id='line_1_10' title="bbox 124 2493 223 2518; baseline 0.02 -2"><span class='ocrx_word' id='word_1_15' title='bbox 124 2493 184 2516; x_wconf 69' lang='lat' dir='ltr'>Pac.</span> <span class='ocrx_word' id='word_1_16' title='bbox 200 2499 223 2518; x_wconf 85' lang='lat'>2.</span> 
     </span>
     <span class='ocr_line' id='line_1_11' title="bbox 124 2532 227 2555; baseline 0.01 -1"><span class='ocrx_word' id='word_1_17' title='bbox 124 2532 189 2554; x_wconf 72' lang='lat' dir='ltr'>Car.</span> <span class='ocrx_word' id='word_1_18' title='bbox 207 2538 227 2555; x_wconf 90' lang='lat' dir='ltr'>r.</span> 
     </span>
     <span class='ocr_line' id='line_1_12' title="bbox 122 2568 213 2602; baseline 0.011 -10"><span class='ocrx_word' id='word_1_19' title='bbox 122 2573 149 2602; x_wconf 75' lang='lat' dir='ltr'>p,</span> <span class='ocrx_word' id='word_1_20' title='bbox 172 2568 213 2593; x_wconf 79' lang='lat'>16.</span> 
     </span>
    </p>
   </div>
   <div class='ocr_carea' id='block_1_3' title="bbox 135 2984 269 3012">
    <p class='ocr_par' dir='ltr' id='par_1_3' title="bbox 135 2984 269 3012">
     <span class='ocr_line' id='line_1_13' title="bbox 135 2984 269 3012; baseline 0.007 -1"><span class='ocrx_word' id='word_1_21' title='bbox 135 2984 269 3012; x_wconf 66' lang='lat' dir='ltr'>01(an</span> 
     </span>
    </p>
   </div>
   <div class='ocr_carea' id='block_1_4' title="bbox 138 3031 203 3058">
    <p class='ocr_par' dir='ltr' id='par_1_4' title="bbox 138 3031 203 3058">
     <span class='ocr_line' id='line_1_14' title="bbox 138 3031 203 3058; baseline 0 0"><span class='ocrx_word' id='word_1_22' title='bbox 138 3031 203 3058; x_wconf 84' lang='lat'><em>795-</em></span> 
     </span>
    </p>
   </div>
   <div class='ocr_carea' id='block_1_5' title="bbox 260 64 342 104">
    <p class='ocr_par' dir='ltr' id='par_1_5' title="bbox 260 64 342 104">
     <span class='ocr_line' id='line_1_15' title="bbox 260 64 342 104; baseline -0.012 -10"><span class='ocrx_word' id='word_1_23' title='bbox 260 64 342 104; x_wconf 86' lang='lat'>114</span> 
     </span>
    </p>
   </div>
   <div class='ocr_carea' id='block_1_6' title="bbox 260 175 1338 1796">
    <p class='ocr_par' dir='ltr' id='par_1_6' title="bbox 260 175 405 208">
     <span class='ocr_line' id='line_1_16' title="bbox 260 175 405 208; baseline -0.028 0"><span class='ocrx_word' id='word_1_24' title='bbox 260 177 297 208; x_wconf 88' lang='lat' dir='ltr'>de</span> <span class='ocrx_word' id='word_1_25' title='bbox 311 175 405 207; x_wconf 82' lang='lat' dir='ltr'>fittest.</span> 
     </span>
    </p>

    <p class='ocr_par' dir='ltr' id='par_1_7' title="bbox 261 208 1329 708">
     <span class='ocr_line' id='line_1_17' title="bbox 300 208 1327 249; baseline -0.007 -4"><span class='ocrx_word' id='word_1_26' title='bbox 300 214 369 246; x_wconf 88' lang='lat' dir='ltr'>And</span> <span class='ocrx_word' id='word_1_27' title='bbox 387 211 493 244; x_wconf 76' lang='lat' dir='ltr'>further</span> <span class='ocrx_word' id='word_1_28' title='bbox 508 211 568 241; x_wconf 89' lang='lat' dir='ltr'>that</span> <span class='ocrx_word' id='word_1_29' title='bbox 582 211 634 241; x_wconf 88' lang='lat' dir='ltr'>the</span> <span class='ocrx_word' id='word_1_30' title='bbox 648 210 702 241; x_wconf 85' lang='lat' dir='ltr'>said</span> <span class='ocrx_word' id='word_1_31' title='bbox 712 209 799 249; x_wconf 88' lang='lat' dir='ltr'>John</span> <span class='ocrx_word' id='word_1_32' title='bbox 813 208 952 249; x_wconf 74' lang='lat' dir='ltr'>Harriffin</span> <span class='ocrx_word' id='word_1_33' title='bbox 965 209 1034 240; x_wconf 83' lang='lat' dir='ltr'>shall</span> <span class='ocrx_word' id='word_1_34' title='bbox 1048 210 1102 241; x_wconf 87' lang='lat' dir='ltr'>and</span> <span class='ocrx_word' id='word_1_35' title='bbox 1117 219 1181 248; x_wconf 86' lang='lat' dir='ltr'>may</span> <span class='ocrx_word' id='word_1_36' title='bbox 1190 233 1200 246; x_wconf 85' lang='lat'>,</span> <span class='ocrx_word' id='word_1_37' title='bbox 1215 209 1261 239; x_wconf 91' lang='lat' dir='ltr'>for</span> <span class='ocrx_word' id='word_1_38' title='bbox 1277 208 1327 238; x_wconf 88' lang='lat' dir='ltr'>the</span> 
     </span>
     <span class='ocr_line' id='line_1_18' title="bbox 263 245 1328 290; baseline -0.01 -4"><span class='ocrx_word' id='word_1_39' title='bbox 263 253 374 286; x_wconf 82' lang='lat' dir='ltr'>further</span> <span class='ocrx_word' id='word_1_40' title='bbox 389 249 607 281; x_wconf 83' lang='lat' dir='ltr'>Manifestation</span> <span class='ocrx_word' id='word_1_41' title='bbox 621 260 656 280; x_wconf 90' lang='lat' dir='ltr'>or</span> <span class='ocrx_word' id='word_1_42' title='bbox 669 259 724 280; x_wconf 89' lang='lat' dir='ltr'>our</span> <span class='ocrx_word' id='word_1_43' title='bbox 739 248 846 288; x_wconf 86' lang='lat' dir='ltr'>Royall</span> <span class='ocrx_word' id='word_1_44' title='bbox 862 249 1121 280; x_wconf 86' lang='lat' dir='ltr'>Favourtowardes</span> <span class='ocrx_word' id='word_1_45' title='bbox 1129 248 1178 278; x_wconf 85' lang='lat' dir='ltr'>the</span> <span class='ocrx_word' id='word_1_46' title='bbox 1185 247 1238 277; x_wconf 90' lang='lat' dir='ltr'>said</span> <span class='ocrx_word' id='word_1_47' title='bbox 1251 245 1328 290; x_wconf 63' lang='lat' dir='ltr'>Kin-</span> 
     </span>
     <span class='ocr_line' id='line_1_19' title="bbox 262 287 1328 359; baseline -0.004 0"><span class='ocrx_word' id='word_1_48' title='bbox 262 296 327 359; x_wconf 52' lang='lat' dir='ltr'>ge?</span> <span class='ocrx_word' id='word_1_49' title='bbox 346 287 723 358; x_wconf 51' lang='lat' dir='ltr'>PssinceviithGfivffinssuiiss</span> <span class='ocrx_word' id='word_1_50' title='bbox 732 287 1328 357; x_wconf 48' lang='grc' dir='ltr'>ὟοῗοεἜῗΜὲἀὲἑῗέἕοὲῗῗίῗαῑὲἶῖἱίἳέῑ</span> 
     </span>
     <span class='ocr_line' id='line_1_20' title="bbox 263 335 1327 406; baseline -0.008 -8"><span class='ocrx_word' id='word_1_51' title='bbox 263 339 392 401; x_wconf 43' lang='grc' dir='ltr'>ξιῐνῖὴετεεῗη</span> <span class='ocrx_word' id='word_1_52' title='bbox 401 337 460 396; x_wconf 66' lang='lat' dir='ltr'>&gt;ihc</span> <span class='ocrx_word' id='word_1_53' title='bbox 474 364 529 396; x_wconf 89' lang='lat' dir='ltr'>said</span> <span class='ocrx_word' id='word_1_54' title='bbox 575 365 630 396; x_wconf 87' lang='lat' dir='ltr'>ohn</span> <span class='ocrx_word' id='word_1_55' title='bbox 644 336 780 404; x_wconf 63' lang='grc' dir='ltr'><em>Ηαννίῗόη</em></span> <span class='ocrx_word' id='word_1_56' title='bbox 798 374 828 404; x_wconf 90' lang='lat' dir='ltr'>ys</span> <span class='ocrx_word' id='word_1_57' title='bbox 842 335 996 403; x_wconf 56' lang='lat' dir='ltr'>appiii&#39;nted</span> <span class='ocrx_word' id='word_1_58' title='bbox 1009 374 1041 395; x_wconf 89' lang='lat' dir='ltr'>to</span> <span class='ocrx_word' id='word_1_59' title='bbox 1057 374 1128 403; x_wconf 85' lang='lat' dir='ltr'>goe,</span> <span class='ocrx_word' id='word_1_60' title='bbox 1151 335 1242 406; x_wconf 47' lang='lat' dir='ltr'>fogyer</span> <span class='ocrx_word' id='word_1_61' title='bbox 1262 345 1327 391; x_wconf 70' lang='lat' dir='ltr'>Per-³</span> 
     </span>
     <span class='ocr_line' id='line_1_21' title="bbox 262 401 1327 443; baseline -0.008 -6"><span class='ocrx_word' id='word_1_62' title='bbox 262 417 311 437; x_wconf 88' lang='lat' dir='ltr'>ces</span> <span class='ocrx_word' id='word_1_63' title='bbox 325 405 362 436; x_wconf 91' lang='lat' dir='ltr'>of</span> <span class='ocrx_word' id='word_1_64' title='bbox 374 403 470 435; x_wconf 84' lang='lat' dir='ltr'>Brasse</span> <span class='ocrx_word' id='word_1_65' title='bbox 483 404 673 443; x_wconf 83' lang='lat' dir='ltr'>Ordinance,</span> <span class='ocrx_word' id='word_1_66' title='bbox 691 404 746 434; x_wconf 82' lang='lat' dir='ltr'>and</span> <span class='ocrx_word' id='word_1_67' title='bbox 766 412 846 435; x_wconf 89' lang='lat' dir='ltr'>twoe</span> <span class='ocrx_word' id='word_1_68' title='bbox 858 404 956 435; x_wconf 89' lang='lat' dir='ltr'>Peices</span> <span class='ocrx_word' id='word_1_69' title='bbox 969 403 1006 434; x_wconf 87' lang='lat' dir='ltr'>of</span> <span class='ocrx_word' id='word_1_70' title='bbox 1019 403 1102 433; x_wconf 83' lang='lat' dir='ltr'>Yron</span> <span class='ocrx_word' id='word_1_71' title='bbox 1123 401 1327 436; x_wconf 84' lang='lat' dir='ltr'>Ordinaunce,</span> 
     </span>
     <span class='ocr_line' id='line_1_22' title="bbox 264 438 1328 482; baseline -0.008 -6"><span class='ocrx_word' id='word_1_72' title='bbox 264 444 319 477; x_wconf 89' lang='lat' dir='ltr'>and</span> <span class='ocrx_word' id='word_1_73' title='bbox 335 443 481 482; x_wconf 80' lang='lat' dir='ltr'>Carriages</span> <span class='ocrx_word' id='word_1_74' title='bbox 492 442 539 473; x_wconf 90' lang='lat' dir='ltr'>for</span> <span class='ocrx_word' id='word_1_75' title='bbox 557 443 637 474; x_wconf 88' lang='lat' dir='ltr'>them</span> <span class='ocrx_word' id='word_1_76' title='bbox 647 466 657 481; x_wconf 93' lang='lat'>,</span> <span class='ocrx_word' id='word_1_77' title='bbox 673 442 728 473; x_wconf 89' lang='lat' dir='ltr'>and</span> <span class='ocrx_word' id='word_1_78' title='bbox 736 443 783 473; x_wconf 90' lang='lat' dir='ltr'>soe</span> <span class='ocrx_word' id='word_1_79' title='bbox 797 443 888 473; x_wconf 88' lang='lat' dir='ltr'>much</span> <span class='ocrx_word' id='word_1_80' title='bbox 903 443 1029 474; x_wconf 90' lang='lat' dir='ltr'>Powder</span> <span class='ocrx_word' id='word_1_81' title='bbox 1041 441 1096 471; x_wconf 85' lang='lat' dir='ltr'>and</span> <span class='ocrx_word' id='word_1_82' title='bbox 1104 441 1206 477; x_wconf 86' lang='lat' dir='ltr'>Shott‚</span> <span class='ocrx_word' id='word_1_83' title='bbox 1225 449 1252 469; x_wconf 87' lang='lat' dir='ltr'>as</span> <span class='ocrx_word' id='word_1_84' title='bbox 1260 438 1328 469; x_wconf 85' lang='lat' dir='ltr'>shall</span> 
     </span>
     <span class='ocr_line' id='line_1_23' title="bbox 263 476 1329 523; baseline -0.008 -9"><span class='ocrx_word' id='word_1_85' title='bbox 263 483 301 514; x_wconf 81' lang='lat' dir='ltr'>be</span> <span class='ocrx_word' id='word_1_86' title='bbox 313 482 370 523; x_wconf 86' lang='lat' dir='ltr'>fytt</span> <span class='ocrx_word' id='word_1_87' title='bbox 383 481 440 512; x_wconf 83' lang='lat' dir='ltr'>and</span> <span class='ocrx_word' id='word_1_88' title='bbox 450 481 685 519; x_wconf 89' lang='lat' dir='ltr'>proportionable</span> <span class='ocrx_word' id='word_1_89' title='bbox 697 481 743 512; x_wconf 87' lang='lat' dir='ltr'>for</span> <span class='ocrx_word' id='word_1_90' title='bbox 754 482 799 512; x_wconf 92' lang='lat' dir='ltr'>soe</span> <span class='ocrx_word' id='word_1_91' title='bbox 809 491 895 519; x_wconf 87' lang='lat' dir='ltr'>many</span> <span class='ocrx_word' id='word_1_92' title='bbox 911 481 1010 511; x_wconf 89' lang='lat' dir='ltr'>Peices</span> <span class='ocrx_word' id='word_1_93' title='bbox 1024 480 1062 510; x_wconf 89' lang='lat' dir='ltr'>of</span> <span class='ocrx_word' id='word_1_94' title='bbox 1068 479 1264 515; x_wconf 82' lang='lat' dir='ltr'>Ordinaunce,</span> <span class='ocrx_word' id='word_1_95' title='bbox 1273 476 1329 507; x_wconf 85' lang='lat' dir='ltr'>and</span> 
     </span>
     <span class='ocr_line' id='line_1_24' title="bbox 261 515 1327 561; baseline -0.008 -9"><span class='ocrx_word' id='word_1_96' title='bbox 261 521 336 553; x_wconf 90' lang='lat' dir='ltr'>alsoe</span> <span class='ocrx_word' id='word_1_97' title='bbox 348 530 406 551; x_wconf 86' lang='lat' dir='ltr'>one</span> <span class='ocrx_word' id='word_1_98' title='bbox 418 520 550 551; x_wconf 80' lang='lat' dir='ltr'>hundred</span> <span class='ocrx_word' id='word_1_99' title='bbox 565 520 621 550; x_wconf 84' lang='lat' dir='ltr'>and</span> <span class='ocrx_word' id='word_1_100' title='bbox 639 519 704 561; x_wconf 80' lang='lat' dir='ltr'>fifty</span> <span class='ocrx_word' id='word_1_101' title='bbox 727 519 845 558; x_wconf 88' lang='lat' dir='ltr'>Spanish</span> <span class='ocrx_word' id='word_1_102' title='bbox 869 519 1057 558; x_wconf 86' lang='lat' dir='ltr'>Pykestaves,</span> <span class='ocrx_word' id='word_1_103' title='bbox 1076 518 1131 548; x_wconf 88' lang='lat' dir='ltr'>and</span> <span class='ocrx_word' id='word_1_104' title='bbox 1148 517 1248 560; x_wconf 74' lang='lat' dir='ltr'>them,</span> <span class='ocrx_word' id='word_1_105' title='bbox 1271 515 1327 545; x_wconf 81' lang='lat' dir='ltr'>and</span> 
     </span>
     <span class='ocr_line' id='line_1_25' title="bbox 263 554 1328 599; baseline -0.007 -8"><span class='ocrx_word' id='word_1_106' title='bbox 263 560 358 591; x_wconf 83' lang='lat' dir='ltr'>everie</span> <span class='ocrx_word' id='word_1_107' title='bbox 373 559 411 590; x_wconf 85' lang='lat' dir='ltr'>of</span> <span class='ocrx_word' id='word_1_108' title='bbox 425 558 525 597; x_wconf 83' lang='lat' dir='ltr'>them,</span> <span class='ocrx_word' id='word_1_109' title='bbox 542 567 574 589; x_wconf 92' lang='lat' dir='ltr'>to</span> <span class='ocrx_word' id='word_1_110' title='bbox 593 559 660 596; x_wconf 87' lang='lat' dir='ltr'>give</span> <span class='ocrx_word' id='word_1_111' title='bbox 673 558 729 589; x_wconf 87' lang='lat' dir='ltr'>and</span> <span class='ocrx_word' id='word_1_112' title='bbox 745 558 873 589; x_wconf 88' lang='lat' dir='ltr'>bestowe</span> <span class='ocrx_word' id='word_1_113' title='bbox 887 568 928 588; x_wconf 88' lang='lat' dir='ltr'>on</span> <span class='ocrx_word' id='word_1_114' title='bbox 940 558 1009 588; x_wconf 89' lang='lat' dir='ltr'>such</span> <span class='ocrx_word' id='word_1_115' title='bbox 1026 557 1062 587; x_wconf 85' lang='lat' dir='ltr'>of</span> <span class='ocrx_word' id='word_1_116' title='bbox 1071 556 1120 599; x_wconf 81' lang='lat' dir='ltr'>the</span> <span class='ocrx_word' id='word_1_117' title='bbox 1133 555 1188 585; x_wconf 88' lang='lat' dir='ltr'>said</span> <span class='ocrx_word' id='word_1_118' title='bbox 1205 554 1328 593; x_wconf 87' lang='lat' dir='ltr'>nges,</span> 
     </span>
     <span class='ocr_line' id='line_1_26' title="bbox 264 593 1326 636; baseline -0.008 -5"><span class='ocrx_word' id='word_1_119' title='bbox 264 600 398 636; x_wconf 87' lang='lat' dir='ltr'>Princes,</span> <span class='ocrx_word' id='word_1_120' title='bbox 417 597 608 628; x_wconf 88' lang='lat' dir='ltr'>Governours</span> <span class='ocrx_word' id='word_1_121' title='bbox 621 607 654 627; x_wconf 91' lang='lat' dir='ltr'>or</span> <span class='ocrx_word' id='word_1_122' title='bbox 670 596 899 633; x_wconf 83' lang='lat' dir='ltr'>Commanders,</span> <span class='ocrx_word' id='word_1_123' title='bbox 915 607 943 626; x_wconf 86' lang='lat' dir='ltr'>as</span> <span class='ocrx_word' id='word_1_124' title='bbox 954 596 991 626; x_wconf 89' lang='lat' dir='ltr'>he</span> <span class='ocrx_word' id='word_1_125' title='bbox 1008 595 1059 626; x_wconf 89' lang='lat' dir='ltr'>the</span> <span class='ocrx_word' id='word_1_126' title='bbox 1071 595 1126 624; x_wconf 83' lang='lat' dir='ltr'>said</span> <span class='ocrx_word' id='word_1_127' title='bbox 1141 593 1222 632; x_wconf 77' lang='lat' dir='ltr'>John</span> <span class='ocrx_word' id='word_1_128' title='bbox 1245 595 1326 622; x_wconf 86' lang='lat' dir='ltr'>Har-</span> 
     </span>
     <span class='ocr_line' id='line_1_27' title="bbox 265 632 1326 706; baseline -0.004 -39"><span class='ocrx_word' id='word_1_129' title='bbox 265 635 340 680; x_wconf 71' lang='lat' dir='ltr'>riffin</span> <span class='ocrx_word' id='word_1_130' title='bbox 355 637 396 706; x_wconf 88' lang='lat' dir='ltr'>inS</span> <span class='ocrx_word' id='word_1_131' title='bbox 399 637 442 667; x_wconf 87' lang='lat' dir='ltr'>his</span> <span class='ocrx_word' id='word_1_132' title='bbox 451 636 538 680; x_wconf 31' lang='lat' dir='ltr'>*good</span> <span class='ocrx_word' id='word_1_133' title='bbox 554 635 718 667; x_wconf 85' lang='lat' dir='ltr'>Discrerion</span> <span class='ocrx_word' id='word_1_134' title='bbox 736 635 803 666; x_wconf 74' lang='lat' dir='ltr'>shall</span> <span class='ocrx_word' id='word_1_135' title='bbox 819 634 900 665; x_wconf 80' lang='lat' dir='ltr'>think</span> <span class='ocrx_word' id='word_1_136' title='bbox 916 633 1000 665; x_wconf 88' lang='lat' dir='ltr'>fittest</span> <span class='ocrx_word' id='word_1_137' title='bbox 1014 634 1060 664; x_wconf 89' lang='lat' dir='ltr'>for</span> <span class='ocrx_word' id='word_1_138' title='bbox 1071 633 1120 664; x_wconf 89' lang='lat' dir='ltr'>the</span> <span class='ocrx_word' id='word_1_139' title='bbox 1140 632 1326 663; x_wconf 85' lang='lat' dir='ltr'>furtherance</span> 
     </span>
     <span class='ocr_line' id='line_1_28' title="bbox 263 681 502 708; baseline -0.017 0"><span class='ocrx_word' id='word_1_140' title='bbox 263 681 297 708; x_wconf 85' lang='lat' dir='ltr'>ol·</span> <span class='ocrx_word' id='word_1_141' title='bbox 309 685 362 707; x_wconf 88' lang='lat' dir='ltr'>our</span> <span class='ocrx_word' id='word_1_142' title='bbox 397 684 502 706; x_wconf 81' lang='lat' dir='ltr'>ervrce.</span> 
     </span>
    </p>

    <p class='ocr_par' dir='ltr' id='par_1_8' title="bbox 265 708 1329 947">
     <span class='ocr_line' id='line_1_29' title="bbox 305 708 1328 750; baseline -0.006 -5"><span class='ocrx_word' id='word_1_143' title='bbox 305 714 373 745; x_wconf 91' lang='lat' dir='ltr'>And</span> <span class='ocrx_word' id='word_1_144' title='bbox 393 712 459 744; x_wconf 89' lang='lat' dir='ltr'>least</span> <span class='ocrx_word' id='word_1_145' title='bbox 477 723 512 744; x_wconf 91' lang='lat' dir='ltr'>an</span> <span class='ocrx_word' id='word_1_146' title='bbox 551 713 590 744; x_wconf 88' lang='lat' dir='ltr'>of</span> <span class='ocrx_word' id='word_1_147' title='bbox 601 722 655 745; x_wconf 91' lang='lat' dir='ltr'>our</span> <span class='ocrx_word' id='word_1_148' title='bbox 672 722 741 744; x_wconf 89' lang='lat' dir='ltr'>own</span> <span class='ocrx_word' id='word_1_149' title='bbox 760 712 905 750; x_wconf 65' lang='lat' dir='ltr'>SubJeets,</span> <span class='ocrx_word' id='word_1_150' title='bbox 924 711 1025 750; x_wconf 85' lang='lat' dir='ltr'>during</span> <span class='ocrx_word' id='word_1_151' title='bbox 1042 710 1091 741; x_wconf 85' lang='lat' dir='ltr'>the</span> <span class='ocrx_word' id='word_1_152' title='bbox 1116 717 1193 748; x_wconf 87' lang='lat' dir='ltr'>tyme</span> <span class='ocrx_word' id='word_1_153' title='bbox 1216 709 1254 739; x_wconf 86' lang='lat' dir='ltr'>of</span> <span class='ocrx_word' id='word_1_154' title='bbox 1271 708 1328 740; x_wconf 89' lang='lat' dir='ltr'>this</span> 
     </span>
     <span class='ocr_line' id='line_1_30' title="bbox 265 747 1329 793; baseline -0.008 -7"><span class='ocrx_word' id='word_1_155' title='bbox 265 753 395 793; x_wconf 84' lang='lat' dir='ltr'>Treaty‚</span> <span class='ocrx_word' id='word_1_156' title='bbox 419 753 501 784; x_wconf 91' lang='lat' dir='ltr'>shoul</span> <span class='ocrx_word' id='word_1_157' title='bbox 540 752 570 782; x_wconf 92' lang='lat' dir='ltr'>in</span> <span class='ocrx_word' id='word_1_158' title='bbox 585 762 640 792; x_wconf 89' lang='lat' dir='ltr'>any</span> <span class='ocrx_word' id='word_1_159' title='bbox 665 751 767 782; x_wconf 88' lang='lat' dir='ltr'>hostile</span> <span class='ocrx_word' id='word_1_160' title='bbox 786 760 903 780; x_wconf 81' lang='lat' dir='ltr'>manner</span> <span class='ocrx_word' id='word_1_161' title='bbox 920 759 999 789; x_wconf 86' lang='lat' dir='ltr'>carry</span> <span class='ocrx_word' id='word_1_162' title='bbox 1016 748 1184 780; x_wconf 81' lang='lat' dir='ltr'>themselves</span> <span class='ocrx_word' id='word_1_163' title='bbox 1205 747 1329 778; x_wconf 85' lang='lat' dir='ltr'>towards</span> 
     </span>
     <span class='ocr_line' id='line_1_31' title="bbox 267 787 1328 830; baseline -0.008 -7"><span class='ocrx_word' id='word_1_164' title='bbox 267 793 317 824; x_wconf 82' lang='lat' dir='ltr'>the</span> <span class='ocrx_word' id='word_1_165' title='bbox 331 791 390 822; x_wconf 88' lang='lat' dir='ltr'>said</span> <span class='ocrx_word' id='word_1_166' title='bbox 410 789 537 830; x_wconf 77' lang='lat' dir='ltr'>Kinges,</span> <span class='ocrx_word' id='word_1_167' title='bbox 556 790 690 828; x_wconf 86' lang='lat' dir='ltr'>Princes,</span> <span class='ocrx_word' id='word_1_168' title='bbox 708 789 898 820; x_wconf 81' lang='lat' dir='ltr'>Governours</span> <span class='ocrx_word' id='word_1_169' title='bbox 917 799 952 819; x_wconf 85' lang='lat' dir='ltr'>or</span> <span class='ocrx_word' id='word_1_170' title='bbox 975 787 1208 825; x_wconf 81' lang='lat' dir='ltr'>Commanders,</span> <span class='ocrx_word' id='word_1_171' title='bbox 1225 796 1258 815; x_wconf 92' lang='lat' dir='ltr'>or</span> <span class='ocrx_word' id='word_1_172' title='bbox 1272 795 1328 829; x_wconf 75' lang='lat' dir='ltr'>any</span> 
     </span>
     <span class='ocr_line' id='line_1_32' title="bbox 265 823 1310 869; baseline -0.008 -7"><span class='ocrx_word' id='word_1_173' title='bbox 265 832 304 862; x_wconf 86' lang='lat' dir='ltr'>of</span> <span class='ocrx_word' id='word_1_174' title='bbox 314 831 387 862; x_wconf 84' lang='lat' dir='ltr'>their</span> <span class='ocrx_word' id='word_1_175' title='bbox 407 829 553 868; x_wconf 59' lang='lat' dir='ltr'>subiens,</span> <span class='ocrx_word' id='word_1_176' title='bbox 569 838 604 859; x_wconf 90' lang='lat' dir='ltr'>or</span> <span class='ocrx_word' id='word_1_177' title='bbox 621 838 675 868; x_wconf 83' lang='lat' dir='ltr'>any</span> <span class='ocrx_word' id='word_1_178' title='bbox 694 828 734 858; x_wconf 85' lang='lat' dir='ltr'>of</span> <span class='ocrx_word' id='word_1_179' title='bbox 741 829 790 859; x_wconf 87' lang='lat' dir='ltr'>the</span> <span class='ocrx_word' id='word_1_180' title='bbox 808 827 982 858; x_wconf 77' lang='lat' dir='ltr'>inhabitants</span> <span class='ocrx_word' id='word_1_181' title='bbox 999 827 1036 857; x_wconf 91' lang='lat' dir='ltr'>of</span> <span class='ocrx_word' id='word_1_182' title='bbox 1046 825 1125 869; x_wconf 85' lang='lat' dir='ltr'>those</span> <span class='ocrx_word' id='word_1_183' title='bbox 1153 823 1310 856; x_wconf 78' lang='lat' dir='ltr'>Countries</span> 
     </span>
     <span class='ocr_line' id='line_1_33' title="bbox 265 863 1307 907; baseline -0.008 -6"><span class='ocrx_word' id='word_1_184' title='bbox 265 868 456 907; x_wconf 86' lang='lat' dir='ltr'>Territories,</span> <span class='ocrx_word' id='word_1_185' title='bbox 475 868 606 899; x_wconf 69' lang='lat' dir='ltr'>Townec</span> <span class='ocrx_word' id='word_1_186' title='bbox 619 876 653 897; x_wconf 91' lang='lat' dir='ltr'>or</span> <span class='ocrx_word' id='word_1_187' title='bbox 666 866 780 904; x_wconf 82' lang='lat' dir='ltr'>Places,</span> <span class='ocrx_word' id='word_1_188' title='bbox 796 866 935 906; x_wconf 87' lang='lat' dir='ltr'>whereby</span> <span class='ocrx_word' id='word_1_189' title='bbox 958 866 1026 905; x_wconf 85' lang='lat' dir='ltr'>they</span> <span class='ocrx_word' id='word_1_190' title='bbox 1048 865 1142 903; x_wconf 83' lang='lat' dir='ltr'>might</span> <span class='ocrx_word' id='word_1_191' title='bbox 1165 863 1307 903; x_wconf 84' lang='lat' dir='ltr'>apprehen</span> 
     </span>
     <span class='ocr_line' id='line_1_34' title="bbox 266 902 1300 947; baseline -0.008 -6"><span class='ocrx_word' id='word_1_192' title='bbox 266 920 284 941; x_wconf 79' lang='lat' dir='ltr'>a</span> <span class='ocrx_word' id='word_1_193' title='bbox 299 908 447 947; x_wconf 88' lang='lat' dir='ltr'>Suspicion</span> <span class='ocrx_word' id='word_1_194' title='bbox 464 917 498 937; x_wconf 84' lang='lat' dir='ltr'>or</span> <span class='ocrx_word' id='word_1_195' title='bbox 517 907 540 937; x_wconf 91' lang='lat' dir='ltr'>F</span> <span class='ocrx_word' id='word_1_196' title='bbox 542 916 618 943; x_wconf 86' lang='lat' dir='ltr'>eare,</span> <span class='ocrx_word' id='word_1_197' title='bbox 637 905 698 937; x_wconf 78' lang='lat' dir='ltr'>that</span> <span class='ocrx_word' id='word_1_198' title='bbox 713 915 775 937; x_wconf 88' lang='lat' dir='ltr'>wee</span> <span class='ocrx_word' id='word_1_199' title='bbox 790 913 883 936; x_wconf 84' lang='lat' dir='ltr'>meant</span> <span class='ocrx_word' id='word_1_200' title='bbox 897 914 951 935; x_wconf 85' lang='lat' dir='ltr'>nor</span> <span class='ocrx_word' id='word_1_201' title='bbox 966 914 994 934; x_wconf 89' lang='lat' dir='ltr'>as</span> <span class='ocrx_word' id='word_1_202' title='bbox 1009 912 1073 934; x_wconf 87' lang='lat' dir='ltr'>wee</span> <span class='ocrx_word' id='word_1_203' title='bbox 1088 905 1145 947; x_wconf 82' lang='lat' dir='ltr'>doe</span> <span class='ocrx_word' id='word_1_204' title='bbox 1159 902 1300 941; x_wconf 72' lang='lat' dir='ltr'>profeffe3</span> 
     </span>
    </p>

    <p class='ocr_par' dir='ltr' id='par_1_9' title="bbox 266 940 1338 1218">
     <span class='ocr_line' id='line_1_35' title="bbox 306 940 1327 985; baseline -0.007 -8"><span class='ocrx_word' id='word_1_205' title='bbox 306 947 373 978; x_wconf 88' lang='lat' dir='ltr'>Our</span> <span class='ocrx_word' id='word_1_206' title='bbox 389 946 450 978; x_wconf 93' lang='lat' dir='ltr'>will</span> <span class='ocrx_word' id='word_1_207' title='bbox 461 945 516 976; x_wconf 87' lang='lat' dir='ltr'>and</span> <span class='ocrx_word' id='word_1_208' title='bbox 533 945 659 976; x_wconf 86' lang='lat' dir='ltr'>Pleasure</span> <span class='ocrx_word' id='word_1_209' title='bbox 672 953 720 984; x_wconf 88' lang='lat' dir='ltr'>ys,</span> <span class='ocrx_word' id='word_1_210' title='bbox 737 942 792 974; x_wconf 91' lang='lat' dir='ltr'>and</span> <span class='ocrx_word' id='word_1_211' title='bbox 808 953 872 974; x_wconf 91' lang='lat' dir='ltr'>wee</span> <span class='ocrx_word' id='word_1_212' title='bbox 887 943 944 973; x_wconf 93' lang='lat' dir='ltr'>doe</span> <span class='ocrx_word' id='word_1_213' title='bbox 958 942 1045 972; x_wconf 89' lang='lat' dir='ltr'>hereb</span> <span class='ocrx_word' id='word_1_214' title='bbox 1080 940 1228 985; x_wconf 63' lang='lat' dir='ltr'>strargbtly</span> <span class='ocrx_word' id='word_1_215' title='bbox 1243 941 1327 972; x_wconf 72' lang='lat' dir='ltr'>clmr-</span> 
     </span>
     <span class='ocr_line' id='line_1_36' title="bbox 267 980 1328 1026; baseline -0.007 -9"><span class='ocrx_word' id='word_1_216' title='bbox 267 990 304 1026; x_wconf 80' lang='lat' dir='ltr'>ge</span> <span class='ocrx_word' id='word_1_217' title='bbox 316 985 372 1017; x_wconf 88' lang='lat' dir='ltr'>and</span> <span class='ocrx_word' id='word_1_218' title='bbox 386 984 578 1015; x_wconf 79' lang='lat' dir='ltr'>oommaunde</span> <span class='ocrx_word' id='word_1_219' title='bbox 590 983 627 1014; x_wconf 87' lang='lat' dir='ltr'>all</span> <span class='ocrx_word' id='word_1_220' title='bbox 638 983 694 1014; x_wconf 89' lang='lat' dir='ltr'>and</span> <span class='ocrx_word' id='word_1_221' title='bbox 701 983 793 1013; x_wconf 88' lang='lat' dir='ltr'>everie</span> <span class='ocrx_word' id='word_1_222' title='bbox 804 981 841 1012; x_wconf 88' lang='lat' dir='ltr'>of</span> <span class='ocrx_word' id='word_1_223' title='bbox 843 991 898 1012; x_wconf 87' lang='lat' dir='ltr'>our</span> <span class='ocrx_word' id='word_1_224' title='bbox 906 982 1022 1020; x_wconf 84' lang='lat' dir='ltr'>loveing</span> <span class='ocrx_word' id='word_1_225' title='bbox 1053 980 1178 1019; x_wconf 60' lang='lat' dir='ltr'>ubJer,</span> <span class='ocrx_word' id='word_1_226' title='bbox 1193 981 1253 1011; x_wconf 90' lang='lat' dir='ltr'>that</span> <span class='ocrx_word' id='word_1_227' title='bbox 1259 980 1328 1019; x_wconf 90' lang='lat' dir='ltr'>they</span> 
     </span>
     <span class='ocr_line' id='line_1_37' title="bbox 267 1017 1330 1058; baseline -0.007 -2"><span class='ocrx_word' id='word_1_228' title='bbox 267 1025 323 1057; x_wconf 85' lang='lat' dir='ltr'>and</span> <span class='ocrx_word' id='word_1_229' title='bbox 335 1024 430 1056; x_wconf 90' lang='lat' dir='ltr'>everie</span> <span class='ocrx_word' id='word_1_230' title='bbox 442 1024 478 1054; x_wconf 88' lang='lat' dir='ltr'>of</span> <span class='ocrx_word' id='word_1_231' title='bbox 489 1023 571 1053; x_wconf 87' lang='lat' dir='ltr'>them</span> <span class='ocrx_word' id='word_1_232' title='bbox 586 1022 642 1053; x_wconf 89' lang='lat' dir='ltr'>doe</span> <span class='ocrx_word' id='word_1_233' title='bbox 656 1021 784 1052; x_wconf 83' lang='lat' dir='ltr'>forbeare</span> <span class='ocrx_word' id='word_1_234' title='bbox 803 1028 835 1050; x_wconf 94' lang='lat' dir='ltr'>to</span> <span class='ocrx_word' id='word_1_235' title='bbox 848 1019 956 1058; x_wconf 80' lang='lat' dir='ltr'>assaile,</span> <span class='ocrx_word' id='word_1_236' title='bbox 974 1019 1075 1051; x_wconf 89' lang='lat' dir='ltr'>invade</span> <span class='ocrx_word' id='word_1_237' title='bbox 1091 1028 1126 1049; x_wconf 91' lang='lat' dir='ltr'>or</span> <span class='ocrx_word' id='word_1_238' title='bbox 1144 1017 1262 1049; x_wconf 85' lang='lat' dir='ltr'>offende</span> <span class='ocrx_word' id='word_1_239' title='bbox 1279 1019 1330 1049; x_wconf 89' lang='lat' dir='ltr'>the</span> 
     </span>
     <span class='ocr_line' id='line_1_38' title="bbox 266 1057 1333 1100; baseline -0.007 -5"><span class='ocrx_word' id='word_1_240' title='bbox 266 1063 321 1096; x_wconf 68' lang='lat' dir='ltr'>{aid</span> <span class='ocrx_word' id='word_1_241' title='bbox 339 1062 399 1094; x_wconf 91' lang='lat' dir='ltr'>Kin</span> <span class='ocrx_word' id='word_1_242' title='bbox 420 1061 604 1100; x_wconf 87' lang='lat' dir='ltr'>es,Princes‚</span> <span class='ocrx_word' id='word_1_243' title='bbox 622 1060 810 1091; x_wconf 87' lang='lat' dir='ltr'>Governours</span> <span class='ocrx_word' id='word_1_244' title='bbox 824 1058 879 1090; x_wconf 88' lang='lat' dir='ltr'>and</span> <span class='ocrx_word' id='word_1_245' title='bbox 887 1057 1221 1095; x_wconf 84' lang='lat' dir='ltr'>Commaunders,their</span> <span class='ocrx_word' id='word_1_246' title='bbox 1230 1057 1333 1088; x_wconf 90' lang='lat' dir='ltr'>Terri-</span> 
     </span>
     <span class='ocr_line' id='line_1_39' title="bbox 270 1096 1338 1140; baseline -0.007 -7"><span class='ocrx_word' id='word_1_247' title='bbox 270 1103 374 1140; x_wconf 87' lang='lat' dir='ltr'>tories,</span> <span class='ocrx_word' id='word_1_248' title='bbox 429 1101 568 1138; x_wconf 88' lang='lat' dir='ltr'>ountries,</span> <span class='ocrx_word' id='word_1_249' title='bbox 593 1098 726 1137; x_wconf 87' lang='lat' dir='ltr'>Shippes,</span> <span class='ocrx_word' id='word_1_250' title='bbox 745 1098 876 1136; x_wconf 67' lang='lat' dir='ltr'>Subje&amp;s</span> <span class='ocrx_word' id='word_1_251' title='bbox 894 1106 928 1127; x_wconf 92' lang='lat' dir='ltr'>or</span> <span class='ocrx_word' id='word_1_252' title='bbox 953 1097 1146 1135; x_wconf 59' lang='lat' dir='ltr'>inhabitans,</span> <span class='ocrx_word' id='word_1_253' title='bbox 1168 1107 1203 1127; x_wconf 93' lang='lat' dir='ltr'>or</span> <span class='ocrx_word' id='word_1_254' title='bbox 1225 1106 1279 1137; x_wconf 83' lang='lat' dir='ltr'>any</span> <span class='ocrx_word' id='word_1_255' title='bbox 1300 1096 1338 1126; x_wconf 88' lang='lat' dir='ltr'>of</span> 
     </span>
     <span class='ocr_line' id='line_1_40' title="bbox 269 1134 1333 1180; baseline -0.007 -8"><span class='ocrx_word' id='word_1_256' title='bbox 269 1142 349 1173; x_wconf 90' lang='lat' dir='ltr'>them</span> <span class='ocrx_word' id='word_1_257' title='bbox 359 1165 368 1180; x_wconf 89' lang='lat'>,</span> <span class='ocrx_word' id='word_1_258' title='bbox 385 1140 424 1178; x_wconf 88' lang='lat' dir='ltr'>by</span> <span class='ocrx_word' id='word_1_259' title='bbox 438 1138 544 1170; x_wconf 89' lang='lat' dir='ltr'>Vertue</span> <span class='ocrx_word' id='word_1_260' title='bbox 555 1147 589 1168; x_wconf 93' lang='lat' dir='ltr'>or</span> <span class='ocrx_word' id='word_1_261' title='bbox 601 1136 714 1167; x_wconf 92' lang='lat' dir='ltr'>Colour</span> <span class='ocrx_word' id='word_1_262' title='bbox 726 1136 763 1167; x_wconf 93' lang='lat' dir='ltr'>of</span> <span class='ocrx_word' id='word_1_263' title='bbox 771 1146 826 1175; x_wconf 91' lang='lat' dir='ltr'>any</span> <span class='ocrx_word' id='word_1_264' title='bbox 841 1135 1041 1167; x_wconf 81' lang='lat' dir='ltr'>Commiffion</span> <span class='ocrx_word' id='word_1_265' title='bbox 1053 1134 1214 1167; x_wconf 86' lang='lat' dir='ltr'>heretofore</span> <span class='ocrx_word' id='word_1_266' title='bbox 1228 1144 1333 1175; x_wconf 86' lang='lat' dir='ltr'>graun-</span> 
     </span>
     <span class='ocr_line' id='line_1_41' title="bbox 271 1175 1126 1218; baseline -0.007 -6"><span class='ocrx_word' id='word_1_267' title='bbox 271 1180 320 1213; x_wconf 85' lang='lat' dir='ltr'>ted</span> <span class='ocrx_word' id='word_1_268' title='bbox 331 1202 340 1218; x_wconf 89' lang='lat'>,</span> <span class='ocrx_word' id='word_1_269' title='bbox 358 1189 391 1209; x_wconf 90' lang='lat' dir='ltr'>or</span> <span class='ocrx_word' id='word_1_270' title='bbox 405 1178 540 1208; x_wconf 86' lang='lat' dir='ltr'>hereafter</span> <span class='ocrx_word' id='word_1_271' title='bbox 556 1185 589 1207; x_wconf 94' lang='lat' dir='ltr'>to</span> <span class='ocrx_word' id='word_1_272' title='bbox 604 1177 639 1206; x_wconf 89' lang='lat' dir='ltr'>be</span> <span class='ocrx_word' id='word_1_273' title='bbox 653 1175 786 1214; x_wconf 82' lang='lat' dir='ltr'>graunted</span> <span class='ocrx_word' id='word_1_274' title='bbox 801 1177 840 1214; x_wconf 93' lang='lat' dir='ltr'>by</span> <span class='ocrx_word' id='word_1_275' title='bbox 856 1186 886 1206; x_wconf 90' lang='lat' dir='ltr'>us</span> <span class='ocrx_word' id='word_1_276' title='bbox 898 1185 933 1206; x_wconf 91' lang='lat' dir='ltr'>or</span> <span class='ocrx_word' id='word_1_277' title='bbox 945 1175 1097 1206; x_wconf 85' lang='lat' dir='ltr'>otherwise</span> <span class='ocrx_word' id='word_1_278' title='bbox 1106 1183 1126 1218; x_wconf 45' lang='grc' dir='ltr'>ι,</span> 
     </span>
    </p>

    <p class='ocr_par' dir='ltr' id='par_1_10' title="bbox 266 1212 1336 1796">
     <span class='ocr_line' id='line_1_42' title="bbox 309 1212 1327 1253; baseline -0.008 -4"><span class='ocrx_word' id='word_1_279' title='bbox 309 1217 377 1249; x_wconf 89' lang='grc' dir='ltr'>Αηά</span> <span class='ocrx_word' id='word_1_280' title='bbox 389 1216 447 1247; x_wconf 89' lang='lat' dir='ltr'>lastl</span> <span class='ocrx_word' id='word_1_281' title='bbox 476 1240 485 1253; x_wconf 91' lang='lat'>,</span> <span class='ocrx_word' id='word_1_282' title='bbox 505 1215 551 1246; x_wconf 85' lang='lat' dir='ltr'>for</span> <span class='ocrx_word' id='word_1_283' title='bbox 565 1215 612 1246; x_wconf 89' lang='lat' dir='ltr'>the</span> <span class='ocrx_word' id='word_1_284' title='bbox 624 1215 714 1246; x_wconf 86' lang='lat' dir='ltr'>better</span> <span class='ocrx_word' id='word_1_285' title='bbox 728 1214 977 1253; x_wconf 84' lang='lat' dir='ltr'>Encouragement</span> <span class='ocrx_word' id='word_1_286' title='bbox 993 1213 1031 1244; x_wconf 93' lang='lat' dir='ltr'>of</span> <span class='ocrx_word' id='word_1_287' title='bbox 1037 1215 1084 1245; x_wconf 88' lang='lat' dir='ltr'>the</span> <span class='ocrx_word' id='word_1_288' title='bbox 1093 1212 1146 1244; x_wconf 76' lang='lat' dir='ltr'>sard</span> <span class='ocrx_word' id='word_1_289' title='bbox 1159 1212 1241 1251; x_wconf 86' lang='lat' dir='ltr'>John</span> <span class='ocrx_word' id='word_1_290' title='bbox 1248 1215 1327 1242; x_wconf 87' lang='lat' dir='ltr'>Har-</span> 
     </span>
     <span class='ocr_line' id='line_1_43' title="bbox 270 1226 1328 1298; baseline -0.007 -10"><span class='ocrx_word' id='word_1_291' title='bbox 270 1257 362 1295; x_wconf 81' lang='lat' dir='ltr'>rifim,</span> <span class='ocrx_word' id='word_1_292' title='bbox 378 1255 432 1287; x_wconf 84' lang='lat' dir='ltr'>and</span> <span class='ocrx_word' id='word_1_293' title='bbox 447 1226 517 1285; x_wconf 55' lang='lat' dir='ltr'>such</span> <span class='ocrx_word' id='word_1_294' title='bbox 531 1264 559 1285; x_wconf 89' lang='lat' dir='ltr'>as</span> <span class='ocrx_word' id='word_1_295' title='bbox 574 1253 643 1297; x_wconf 74' lang='lat' dir='ltr'>shall</span> <span class='ocrx_word' id='word_1_296' title='bbox 661 1263 716 1293; x_wconf 84' lang='lat' dir='ltr'>goe</span> <span class='ocrx_word' id='word_1_297' title='bbox 730 1253 802 1298; x_wconf 80' lang='lat' dir='ltr'>with</span> <span class='ocrx_word' id='word_1_298' title='bbox 819 1254 881 1297; x_wconf 85' lang='lat' dir='ltr'>him</span> <span class='ocrx_word' id='word_1_299' title='bbox 898 1254 928 1283; x_wconf 92' lang='lat' dir='ltr'>in</span> <span class='ocrx_word' id='word_1_300' title='bbox 943 1253 991 1297; x_wconf 33' lang='lat' dir='ltr'>th&#39;e</span> <span class='ocrx_word' id='word_1_301' title='bbox 1011 1253 1067 1284; x_wconf 88' lang='lat' dir='ltr'>said</span> <span class='ocrx_word' id='word_1_302' title='bbox 1087 1251 1215 1283; x_wconf 89' lang='lat' dir='ltr'>intented</span> <span class='ocrx_word' id='word_1_303' title='bbox 1232 1250 1279 1281; x_wconf 88' lang='lat' dir='ltr'>Vo</span> <span class='ocrx_word' id='word_1_304' title='bbox 1300 1262 1328 1281; x_wconf 86' lang='lat' dir='ltr'>a·</span> 
     </span>
     <span class='ocr_line' id='line_1_44' title="bbox 270 1290 1330 1371; baseline -0.008 -5"><span class='ocrx_word' id='word_1_305' title='bbox 270 1294 547 1366; x_wconf 58' lang='grc' dir='ltr'>ἔὲἑηὲἓῖἓᾝῗὲἓὲῗ,</span> <span class='ocrx_word' id='word_1_306' title='bbox 553 1293 722 1368; x_wconf 42' lang='lat' dir='ltr'>&amp;Qu</span> <span class='ocrx_word' id='word_1_307' title='bbox 731 1290 1258 1371; x_wconf 50' lang='grc' dir='ltr'>’ἓέἶὲἓῗΞῖέἳὲῖἰρῖοᾏὲἓῗῗγέὲἱε</span> <span class='ocrx_word' id='word_1_308' title='bbox 1276 1300 1330 1359; x_wconf 57' lang='grc' dir='ltr'>Ξλ«ἳξὲι</span> 
     </span>
     <span class='ocr_line' id='line_1_45' title="bbox 272 1367 1332 1408; baseline -0.008 -4"><span class='ocrx_word' id='word_1_309' title='bbox 272 1372 447 1408; x_wconf 87' lang='lat' dir='ltr'>Authoritie,</span> <span class='ocrx_word' id='word_1_310' title='bbox 465 1370 524 1400; x_wconf 85' lang='lat' dir='ltr'>that</span> <span class='ocrx_word' id='word_1_311' title='bbox 538 1369 587 1400; x_wconf 91' lang='lat' dir='ltr'>the</span> <span class='ocrx_word' id='word_1_312' title='bbox 602 1369 655 1400; x_wconf 81' lang='lat' dir='ltr'>said</span> <span class='ocrx_word' id='word_1_313' title='bbox 671 1368 754 1408; x_wconf 77' lang='lat' dir='ltr'>John</span> <span class='ocrx_word' id='word_1_314' title='bbox 777 1368 933 1408; x_wconf 68' lang='lat' dir='ltr'>Harrssint,</span> <span class='ocrx_word' id='word_1_315' title='bbox 952 1367 1079 1399; x_wconf 85' lang='lat' dir='ltr'>William</span> <span class='ocrx_word' id='word_1_316' title='bbox 1096 1367 1216 1405; x_wconf 87' lang='lat' dir='ltr'>French,</span> <span class='ocrx_word' id='word_1_317' title='bbox 1231 1370 1332 1404; x_wconf 76' lang='lat' dir='ltr'>Geerge</span> 
     </span>
     <span class='ocr_line' id='line_1_46' title="bbox 271 1406 1332 1446; baseline -0.006 -5"><span class='ocrx_word' id='word_1_318' title='bbox 271 1411 373 1443; x_wconf 74' lang='lat' dir='ltr'>Rookes</span> <span class='ocrx_word' id='word_1_319' title='bbox 385 1409 440 1440; x_wconf 80' lang='lat' dir='ltr'>and</span> <span class='ocrx_word' id='word_1_320' title='bbox 454 1407 569 1438; x_wconf 84' lang='lat' dir='ltr'>Thomas</span> <span class='ocrx_word' id='word_1_321' title='bbox 581 1411 692 1438; x_wconf 87' lang='lat' dir='ltr'>Trotter</span> <span class='ocrx_word' id='word_1_322' title='bbox 703 1408 739 1438; x_wconf 83' lang='lat' dir='ltr'>of</span> <span class='ocrx_word' id='word_1_323' title='bbox 749 1409 868 1438; x_wconf 79' lang='lat' dir='ltr'>London</span> <span class='ocrx_word' id='word_1_324' title='bbox 886 1407 1092 1445; x_wconf 86' lang='lat' dir='ltr'>Merchaunts,</span> <span class='ocrx_word' id='word_1_325' title='bbox 1111 1417 1145 1436; x_wconf 91' lang='lat' dir='ltr'>or</span> <span class='ocrx_word' id='word_1_326' title='bbox 1159 1416 1213 1446; x_wconf 87' lang='lat' dir='ltr'>any</span> <span class='ocrx_word' id='word_1_327' title='bbox 1230 1406 1332 1443; x_wconf 84' lang='lat' dir='ltr'>other,</span> 
     </span>
     <span class='ocr_line' id='line_1_47' title="bbox 271 1444 1332 1486; baseline -0.005 -7"><span class='ocrx_word' id='word_1_328' title='bbox 271 1450 391 1481; x_wconf 86' lang='lat' dir='ltr'>whome</span> <span class='ocrx_word' id='word_1_329' title='bbox 404 1448 471 1486; x_wconf 88' lang='lat' dir='ltr'>they</span> <span class='ocrx_word' id='word_1_330' title='bbox 487 1457 521 1477; x_wconf 92' lang='lat' dir='ltr'>or</span> <span class='ocrx_word' id='word_1_331' title='bbox 536 1455 588 1485; x_wconf 88' lang='lat' dir='ltr'>any</span> <span class='ocrx_word' id='word_1_332' title='bbox 604 1447 640 1477; x_wconf 87' lang='lat' dir='ltr'>of</span> <span class='ocrx_word' id='word_1_333' title='bbox 650 1447 729 1478; x_wconf 89' lang='lat' dir='ltr'>them</span> <span class='ocrx_word' id='word_1_334' title='bbox 739 1447 807 1477; x_wconf 82' lang='lat' dir='ltr'>shall</span> <span class='ocrx_word' id='word_1_335' title='bbox 822 1446 941 1486; x_wconf 90' lang='lat' dir='ltr'>ymploy</span> <span class='ocrx_word' id='word_1_336' title='bbox 951 1446 996 1476; x_wconf 90' lang='lat' dir='ltr'>for</span> <span class='ocrx_word' id='word_1_337' title='bbox 1006 1446 1103 1482; x_wconf 86' lang='lat' dir='ltr'>them,</span> <span class='ocrx_word' id='word_1_338' title='bbox 1122 1445 1190 1476; x_wconf 84' lang='lat' dir='ltr'>shall</span> <span class='ocrx_word' id='word_1_339' title='bbox 1204 1444 1258 1475; x_wconf 91' lang='lat' dir='ltr'>and</span> <span class='ocrx_word' id='word_1_340' title='bbox 1268 1454 1332 1485; x_wconf 89' lang='lat' dir='ltr'>may</span> 
     </span>
     <span class='ocr_line' id='line_1_48' title="bbox 269 1483 1333 1524; baseline -0.005 -5"><span class='ocrx_word' id='word_1_341' title='bbox 269 1488 338 1520; x_wconf 81' lang='lat' dir='ltr'>free]</span> <span class='ocrx_word' id='word_1_342' title='bbox 365 1509 375 1524; x_wconf 86' lang='lat'>,</span> <span class='ocrx_word' id='word_1_343' title='bbox 393 1486 449 1517; x_wconf 86' lang='lat' dir='ltr'>and</span> <span class='ocrx_word' id='word_1_344' title='bbox 467 1486 593 1517; x_wconf 86' lang='lat' dir='ltr'>without</span> <span class='ocrx_word' id='word_1_345' title='bbox 609 1485 832 1517; x_wconf 69' lang='lat' dir='ltr'>Contraditstion</span> <span class='ocrx_word' id='word_1_346' title='bbox 852 1495 886 1516; x_wconf 90' lang='lat' dir='ltr'>or</span> <span class='ocrx_word' id='word_1_347' title='bbox 906 1485 1033 1516; x_wconf 82' lang='lat' dir='ltr'>Offence</span> <span class='ocrx_word' id='word_1_348' title='bbox 1049 1495 1080 1516; x_wconf 91' lang='lat' dir='ltr'>to</span> <span class='ocrx_word' id='word_1_349' title='bbox 1097 1483 1161 1522; x_wconf 89' lang='lat' dir='ltr'>Us,</span> <span class='ocrx_word' id='word_1_350' title='bbox 1178 1485 1282 1522; x_wconf 83' lang='lat' dir='ltr'>repaire</span> <span class='ocrx_word' id='word_1_351' title='bbox 1302 1492 1333 1514; x_wconf 92' lang='lat' dir='ltr'>to</span> 
     </span>
     <span class='ocr_line' id='line_1_49' title="bbox 271 1522 1334 1564; baseline -0.006 -6"><span class='ocrx_word' id='word_1_352' title='bbox 271 1527 320 1558; x_wconf 91' lang='lat' dir='ltr'>the</span> <span class='ocrx_word' id='word_1_353' title='bbox 359 1535 412 1556; x_wconf 86' lang='lat' dir='ltr'>arts</span> <span class='ocrx_word' id='word_1_354' title='bbox 427 1524 560 1555; x_wconf 87' lang='lat' dir='ltr'>aforesaid</span> <span class='ocrx_word' id='word_1_355' title='bbox 569 1548 578 1562; x_wconf 94' lang='lat'>,</span> <span class='ocrx_word' id='word_1_356' title='bbox 596 1534 630 1554; x_wconf 91' lang='lat' dir='ltr'>or</span> <span class='ocrx_word' id='word_1_357' title='bbox 642 1526 703 1556; x_wconf 89' lang='lat' dir='ltr'>anie</span> <span class='ocrx_word' id='word_1_358' title='bbox 714 1524 752 1554; x_wconf 88' lang='lat' dir='ltr'>of</span> <span class='ocrx_word' id='word_1_359' title='bbox 755 1525 805 1555; x_wconf 89' lang='lat' dir='ltr'>the</span> <span class='ocrx_word' id='word_1_360' title='bbox 815 1525 923 1564; x_wconf 87' lang='lat' dir='ltr'>Cirtyes</span> <span class='ocrx_word' id='word_1_361' title='bbox 934 1548 943 1559; x_wconf 82' lang='lat'>,</span> <span class='ocrx_word' id='word_1_362' title='bbox 956 1524 1088 1554; x_wconf 81' lang='lat' dir='ltr'>Townes</span> <span class='ocrx_word' id='word_1_363' title='bbox 1097 1546 1106 1560; x_wconf 88' lang='lat'>,</span> <span class='ocrx_word' id='word_1_364' title='bbox 1114 1522 1229 1553; x_wconf 85' lang='lat' dir='ltr'>Havens</span> <span class='ocrx_word' id='word_1_365' title='bbox 1238 1545 1246 1560; x_wconf 91' lang='lat'>,</span> <span class='ocrx_word' id='word_1_366' title='bbox 1257 1522 1334 1553; x_wconf 88' lang='lat' dir='ltr'>Ter-</span> 
     </span>
     <span class='ocr_line' id='line_1_50' title="bbox 271 1561 1331 1603; baseline -0.006 -6"><span class='ocrx_word' id='word_1_367' title='bbox 271 1566 382 1597; x_wconf 86' lang='lat' dir='ltr'>ritories</span> <span class='ocrx_word' id='word_1_368' title='bbox 394 1574 429 1595; x_wconf 93' lang='lat' dir='ltr'>or</span> <span class='ocrx_word' id='word_1_369' title='bbox 442 1563 543 1594; x_wconf 86' lang='lat' dir='ltr'>Rivers</span> <span class='ocrx_word' id='word_1_370' title='bbox 559 1563 714 1603; x_wconf 84' lang='lat' dir='ltr'>belonging</span> <span class='ocrx_word' id='word_1_371' title='bbox 727 1572 760 1594; x_wconf 90' lang='lat' dir='ltr'>to</span> <span class='ocrx_word' id='word_1_372' title='bbox 772 1564 820 1593; x_wconf 86' lang='lat' dir='ltr'>the</span> <span class='ocrx_word' id='word_1_373' title='bbox 838 1563 891 1593; x_wconf 84' lang='lat' dir='ltr'>said</span> <span class='ocrx_word' id='word_1_374' title='bbox 914 1561 1041 1601; x_wconf 86' lang='lat' dir='ltr'>Kinges,</span> <span class='ocrx_word' id='word_1_375' title='bbox 1061 1563 1192 1600; x_wconf 76' lang='lat' dir='ltr'>princes,</span> <span class='ocrx_word' id='word_1_376' title='bbox 1213 1561 1331 1592; x_wconf 90' lang='lat' dir='ltr'>Gover-</span> 
     </span>
     <span class='ocr_line' id='line_1_51' title="bbox 269 1601 1331 1643; baseline -0.004 -9"><span class='ocrx_word' id='word_1_377' title='bbox 269 1614 357 1634; x_wconf 90' lang='lat' dir='ltr'>nours</span> <span class='ocrx_word' id='word_1_378' title='bbox 372 1613 406 1633; x_wconf 90' lang='lat' dir='ltr'>or</span> <span class='ocrx_word' id='word_1_379' title='bbox 421 1601 668 1638; x_wconf 75' lang='lat' dir='ltr'>Commaunders,</span> <span class='ocrx_word' id='word_1_380' title='bbox 686 1611 720 1631; x_wconf 89' lang='lat' dir='ltr'>or</span> <span class='ocrx_word' id='word_1_381' title='bbox 730 1612 785 1643; x_wconf 86' lang='lat' dir='ltr'>any</span> <span class='ocrx_word' id='word_1_382' title='bbox 800 1602 836 1632; x_wconf 91' lang='lat' dir='ltr'>of</span> <span class='ocrx_word' id='word_1_383' title='bbox 851 1602 923 1632; x_wconf 87' lang='lat' dir='ltr'>their</span> <span class='ocrx_word' id='word_1_384' title='bbox 939 1601 1105 1639; x_wconf 65' lang='lat' dir='ltr'>Subjedies,</span> <span class='ocrx_word' id='word_1_385' title='bbox 1121 1601 1176 1631; x_wconf 92' lang='lat' dir='ltr'>and</span> <span class='ocrx_word' id='word_1_386' title='bbox 1197 1601 1279 1631; x_wconf 82' lang='lat' dir='ltr'>there</span> <span class='ocrx_word' id='word_1_387' title='bbox 1300 1610 1331 1630; x_wconf 89' lang='lat' dir='ltr'>to</span> 
     </span>
     <span class='ocr_line' id='line_1_52' title="bbox 267 1638 1336 1680; baseline -0.006 -6"><span class='ocrx_word' id='word_1_388' title='bbox 267 1642 421 1680; x_wconf 87' lang='lat' dir='ltr'>Traffique</span> <span class='ocrx_word' id='word_1_389' title='bbox 433 1640 488 1672; x_wconf 85' lang='lat' dir='ltr'>and</span> <span class='ocrx_word' id='word_1_390' title='bbox 500 1640 601 1671; x_wconf 88' lang='lat' dir='ltr'>Truck</span> <span class='ocrx_word' id='word_1_391' title='bbox 615 1640 688 1671; x_wconf 89' lang='lat' dir='ltr'>with</span> <span class='ocrx_word' id='word_1_392' title='bbox 703 1640 782 1671; x_wconf 87' lang='lat' dir='ltr'>them</span> <span class='ocrx_word' id='word_1_393' title='bbox 792 1650 843 1678; x_wconf 88' lang='lat' dir='ltr'>,or</span> <span class='ocrx_word' id='word_1_394' title='bbox 851 1650 903 1680; x_wconf 88' lang='lat' dir='ltr'>any</span> <span class='ocrx_word' id='word_1_395' title='bbox 912 1639 949 1670; x_wconf 85' lang='lat' dir='ltr'>of</span> <span class='ocrx_word' id='word_1_396' title='bbox 956 1641 1035 1670; x_wconf 87' lang='lat' dir='ltr'>them</span> <span class='ocrx_word' id='word_1_397' title='bbox 1047 1649 1079 1670; x_wconf 88' lang='lat' dir='ltr'>to</span> <span class='ocrx_word' id='word_1_398' title='bbox 1094 1639 1167 1669; x_wconf 89' lang='lat' dir='ltr'>their</span> <span class='ocrx_word' id='word_1_399' title='bbox 1179 1639 1240 1669; x_wconf 89' lang='lat' dir='ltr'>best</span> <span class='ocrx_word' id='word_1_400' title='bbox 1249 1638 1336 1669; x_wconf 88' lang='lat' dir='ltr'>Prof-</span> 
     </span>
     <span class='ocr_line' id='line_1_53' title="bbox 267 1677 1334 1719; baseline -0.006 -6"><span class='ocrx_word' id='word_1_401' title='bbox 267 1681 299 1714; x_wconf 73' lang='grc' dir='ltr'>ῆι</span> <span class='ocrx_word' id='word_1_402' title='bbox 320 1681 377 1712; x_wconf 83' lang='lat' dir='ltr'>and</span> <span class='ocrx_word' id='word_1_403' title='bbox 400 1679 604 1717; x_wconf 76' lang='lat' dir='ltr'>Advauntage,</span> <span class='ocrx_word' id='word_1_404' title='bbox 619 1689 673 1719; x_wconf 87' lang='lat' dir='ltr'>any</span> <span class='ocrx_word' id='word_1_405' title='bbox 690 1679 797 1717; x_wconf 85' lang='lat' dir='ltr'>Lawe,</span> <span class='ocrx_word' id='word_1_406' title='bbox 815 1678 1048 1716; x_wconf 85' lang='lat' dir='ltr'>Proclamation,</span> <span class='ocrx_word' id='word_1_407' title='bbox 1065 1677 1223 1716; x_wconf 89' lang='lat' dir='ltr'>Custome,</span> <span class='ocrx_word' id='word_1_408' title='bbox 1238 1677 1334 1716; x_wconf 80' lang='lat' dir='ltr'>Usage</span> 
     </span>
     <span class='ocr_line' id='line_1_54' title="bbox 266 1716 1334 1762; baseline -0.006 -10"><span class='ocrx_word' id='word_1_409' title='bbox 266 1731 301 1753; x_wconf 91' lang='lat' dir='ltr'>or</span> <span class='ocrx_word' id='word_1_410' title='bbox 315 1720 401 1751; x_wconf 88' lang='lat' dir='ltr'>other</span> <span class='ocrx_word' id='word_1_411' title='bbox 417 1718 596 1762; x_wconf 77' lang='lat' dir='ltr'>Restrainte,</span> <span class='ocrx_word' id='word_1_412' title='bbox 614 1718 789 1750; x_wconf 81' lang='lat' dir='ltr'>whatsoever</span> <span class='ocrx_word' id='word_1_413' title='bbox 806 1727 838 1749; x_wconf 94' lang='lat' dir='ltr'>to</span> <span class='ocrx_word' id='word_1_414' title='bbox 862 1718 910 1749; x_wconf 88' lang='lat' dir='ltr'>the</span> <span class='ocrx_word' id='word_1_415' title='bbox 933 1718 1076 1749; x_wconf 85' lang='lat' dir='ltr'>contrarie</span> <span class='ocrx_word' id='word_1_416' title='bbox 1094 1716 1212 1749; x_wconf 85' lang='lat' dir='ltr'>thereos</span> <span class='ocrx_word' id='word_1_417' title='bbox 1231 1717 1262 1747; x_wconf 88' lang='lat' dir='ltr'>in</span> <span class='ocrx_word' id='word_1_418' title='bbox 1279 1725 1334 1755; x_wconf 82' lang='lat' dir='ltr'>any</span> 
     </span>
     <span class='ocr_line' id='line_1_55' title="bbox 267 1756 619 1796; baseline -0.02 -3"><span class='ocrx_word' id='word_1_419' title='bbox 267 1759 334 1793; x_wconf 85' lang='lat' dir='ltr'>wise</span> <span class='ocrx_word' id='word_1_420' title='bbox 349 1756 619 1796; x_wconf 74' lang='lat' dir='ltr'>notwithstanding.</span> 
     </span>
    </p>
   </div>
   <div class='ocr_carea' id='block_1_7' title="bbox 270 1832 1337 1911">
    <p class='ocr_par' dir='ltr' id='par_1_11' title="bbox 270 1832 1337 1911">
     <span class='ocr_line' id='line_1_56' title="bbox 308 1832 1337 1874; baseline -0.001 -7"><span class='ocrx_word' id='word_1_421' title='bbox 308 1835 345 1866; x_wconf 88' lang='lat' dir='ltr'>In</span> <span class='ocrx_word' id='word_1_422' title='bbox 358 1837 460 1867; x_wconf 89' lang='lat' dir='ltr'>witnes</span> <span class='ocrx_word' id='word_1_423' title='bbox 472 1832 620 1872; x_wconf 88' lang='lat' dir='ltr'>whereof,</span> <span class='ocrx_word' id='word_1_424' title='bbox 635 1843 696 1865; x_wconf 83' lang='lat' dir='ltr'>wee</span> <span class='ocrx_word' id='word_1_425' title='bbox 715 1834 788 1865; x_wconf 83' lang='lat' dir='ltr'>have</span> <span class='ocrx_word' id='word_1_426' title='bbox 802 1833 942 1865; x_wconf 91' lang='lat' dir='ltr'>bereunto</span> <span class='ocrx_word' id='word_1_427' title='bbox 957 1833 1006 1865; x_wconf 81' lang='lat' dir='ltr'>sert</span> <span class='ocrx_word' id='word_1_428' title='bbox 1024 1843 1078 1865; x_wconf 93' lang='lat' dir='ltr'>our</span> <span class='ocrx_word' id='word_1_429' title='bbox 1102 1832 1211 1874; x_wconf 86' lang='lat' dir='ltr'>Royan</span> <span class='ocrx_word' id='word_1_430' title='bbox 1223 1832 1313 1866; x_wconf 87' lang='lat' dir='ltr'>Hand</span> <span class='ocrx_word' id='word_1_431' title='bbox 1326 1856 1337 1873; x_wconf 89' lang='lat'>‚</span> 
     </span>
     <span class='ocr_line' id='line_1_57' title="bbox 270 1872 1140 1911; baseline -0.002 -5"><span class='ocrx_word' id='word_1_432' title='bbox 270 1874 329 1906; x_wconf 78' lang='lat' dir='ltr'>and</span> <span class='ocrx_word' id='word_1_433' title='bbox 345 1874 455 1905; x_wconf 86' lang='lat' dir='ltr'>cawsed</span> <span class='ocrx_word' id='word_1_434' title='bbox 470 1883 524 1905; x_wconf 89' lang='lat' dir='ltr'>our</span> <span class='ocrx_word' id='word_1_435' title='bbox 543 1873 650 1904; x_wconf 74' lang='lat' dir='ltr'>Greaze</span> <span class='ocrx_word' id='word_1_436' title='bbox 664 1873 745 1905; x_wconf 87' lang='lat' dir='ltr'>Seale</span> <span class='ocrx_word' id='word_1_437' title='bbox 759 1873 796 1903; x_wconf 86' lang='lat' dir='ltr'>of</span> <span class='ocrx_word' id='word_1_438' title='bbox 809 1872 957 1911; x_wconf 77' lang='lat' dir='ltr'>Englande</span> <span class='ocrx_word' id='word_1_439' title='bbox 968 1883 1000 1905; x_wconf 93' lang='lat' dir='ltr'>to</span> <span class='ocrx_word' id='word_1_440' title='bbox 1017 1874 1053 1904; x_wconf 90' lang='lat' dir='ltr'>be</span> <span class='ocrx_word' id='word_1_441' title='bbox 1068 1880 1140 1911; x_wconf 77' lang='lat' dir='ltr'>putt-</span> 
     </span>
    </p>
   </div>
   <div class='ocr_carea' id='block_1_8' title="bbox 270 1949 1337 2030">
    <p class='ocr_par' dir='ltr' id='par_1_12' title="bbox 270 1949 1337 2030">
     <span class='ocr_line' id='line_1_58' title="bbox 308 1949 1337 1995; baseline 0 -13"><span class='ocrx_word' id='word_1_442' title='bbox 308 1951 429 1983; x_wconf 88' lang='lat' dir='ltr'>Witnes</span> <span class='ocrx_word' id='word_1_443' title='bbox 441 1962 494 1983; x_wconf 90' lang='lat' dir='ltr'>our</span> <span class='ocrx_word' id='word_1_444' title='bbox 509 1950 573 1982; x_wconf 88' lang='lat' dir='ltr'>selfe</span> <span class='ocrx_word' id='word_1_445' title='bbox 587 1959 614 1983; x_wconf 87' lang='lat' dir='ltr'>at</span> <span class='ocrx_word' id='word_1_446' title='bbox 630 1949 696 1981; x_wconf 88' lang='lat' dir='ltr'>Our</span> <span class='ocrx_word' id='word_1_447' title='bbox 711 1949 811 1981; x_wconf 86' lang='lat' dir='ltr'>Palace</span> <span class='ocrx_word' id='word_1_448' title='bbox 825 1958 858 1980; x_wconf 81' lang='lat' dir='ltr'>at</span> <span class='ocrx_word' id='word_1_449' title='bbox 875 1950 1074 1995; x_wconf 76' lang='lat' dir='ltr'>IVestminster,</span> <span class='ocrx_word' id='word_1_450' title='bbox 1092 1949 1148 1982; x_wconf 88' lang='lat' dir='ltr'>this</span> <span class='ocrx_word' id='word_1_451' title='bbox 1162 1949 1252 1981; x_wconf 72' lang='lat' dir='ltr'>Tenth</span> <span class='ocrx_word' id='word_1_452' title='bbox 1271 1953 1337 1991; x_wconf 79' lang='lat' dir='ltr'>Day</span> 
     </span>
     <span class='ocr_line' id='line_1_59' title="bbox 270 1988 1073 2030; baseline -0.002 -9"><span class='ocrx_word' id='word_1_453' title='bbox 270 1989 308 2030; x_wconf 66' lang='lat' dir='ltr'>of</span> <span class='ocrx_word' id='word_1_454' title='bbox 314 1989 472 2021; x_wconf 81' lang='lat' dir='ltr'>November</span> <span class='ocrx_word' id='word_1_455' title='bbox 480 2013 490 2029; x_wconf 91' lang='lat'>‚</span> <span class='ocrx_word' id='word_1_456' title='bbox 507 1991 536 2021; x_wconf 88' lang='lat' dir='ltr'>in</span> <span class='ocrx_word' id='word_1_457' title='bbox 551 1989 602 2021; x_wconf 86' lang='lat' dir='ltr'>the</span> <span class='ocrx_word' id='word_1_458' title='bbox 615 1988 730 2021; x_wconf 89' lang='lat' dir='ltr'>Second</span> <span class='ocrx_word' id='word_1_459' title='bbox 743 1988 883 2027; x_wconf 81' lang='lat' dir='ltr'>Yeareof</span> <span class='ocrx_word' id='word_1_460' title='bbox 891 1999 944 2022; x_wconf 91' lang='lat' dir='ltr'>our</span> <span class='ocrx_word' id='word_1_461' title='bbox 954 1989 1073 2030; x_wconf 80' lang='lat' dir='ltr'>Raigne.</span> 
     </span>
    </p>
   </div>
   <div class='ocr_carea' id='block_1_9' title="bbox 650 2065 1288 2111">
    <p class='ocr_par' dir='ltr' id='par_1_13' title="bbox 650 2065 1288 2111">
     <span class='ocr_line' id='line_1_60' title="bbox 650 2065 1288 2111; baseline 0.003 -14"><span class='ocrx_word' id='word_1_462' title='bbox 650 2068 706 2097; x_wconf 87' lang='lat' dir='ltr'>Per</span> <span class='ocrx_word' id='word_1_463' title='bbox 722 2065 807 2107; x_wconf 70' lang='lat' dir='ltr'>ipfian</span> <span class='ocrx_word' id='word_1_464' title='bbox 826 2069 924 2105; x_wconf 82' lang='lat' dir='ltr'>Regem</span> <span class='ocrx_word' id='word_1_465' title='bbox 937 2069 1049 2107; x_wconf 80' lang='lat' dir='ltr'>propria</span> <span class='ocrx_word' id='word_1_466' title='bbox 1066 2070 1159 2100; x_wconf 86' lang='lat' dir='ltr'>Manu</span> <span class='ocrx_word' id='word_1_467' title='bbox 1168 2066 1288 2111; x_wconf 80' lang='lat' dir='ltr'>fignat&#39;.</span> 
     </span>
    </p>
   </div>
   <div class='ocr_carea' id='block_1_10' title="bbox 276 2192 1343 2287">
    <p class='ocr_par' dir='ltr' id='par_1_14' title="bbox 276 2192 1343 2287">
     <span class='ocr_line' id='line_1_61' title="bbox 276 2192 1343 2243; baseline 0.004 -17"><span class='ocrx_word' id='word_1_468' title='bbox 276 2195 440 2229; x_wconf 70' lang='lat' dir='ltr'>Executor&#39;</span> <span class='ocrx_word' id='word_1_469' title='bbox 460 2204 517 2240; x_wconf 87' lang='lat' dir='ltr'>pro</span> <span class='ocrx_word' id='word_1_470' title='bbox 544 2192 666 2237; x_wconf 77' lang='lat' dir='ltr'>Custode</span> <span class='ocrx_word' id='word_1_471' title='bbox 688 2197 726 2234; x_wconf 61' lang='grc' dir='ltr'>φ’·</span> <span class='ocrx_word' id='word_1_472' title='bbox 756 2192 947 2229; x_wconf 77' lang='lat' dir='ltr'>Scholaribus</span> <span class='ocrx_word' id='word_1_473' title='bbox 981 2195 1102 2243; x_wconf 72' lang='lat' dir='ltr'>Collegit*</span> <span class='ocrx_word' id='word_1_474' title='bbox 1125 2194 1210 2229; x_wconf 77' lang='lat' dir='ltr'>beate</span> <span class='ocrx_word' id='word_1_475' title='bbox 1233 2198 1343 2231; x_wconf 79' lang='lat' dir='ltr'>Marie</span> 
     </span>
     <span class='ocr_line' id='line_1_62' title="bbox 615 2243 997 2287; baseline 0.005 -11"><span class='ocrx_word' id='word_1_476' title='bbox 615 2243 820 2287; x_wconf 80' lang='lat' dir='ltr'>Wntoniensis</span> <span class='ocrx_word' id='word_1_477' title='bbox 843 2247 875 2276; x_wconf 84' lang='lat' dir='ltr'>in</span> <span class='ocrx_word' id='word_1_478' title='bbox 895 2244 997 2278; x_wconf 78' lang='lat' dir='ltr'>Oxon.</span> 
     </span>
    </p>
   </div>
   <div class='ocr_carea' id='block_1_11' title="bbox 277 2327 1370 3990">
    <p class='ocr_par' dir='ltr' id='par_1_15' title="bbox 277 2327 1358 3371">
     <span class='ocr_line' id='line_1_63' title="bbox 284 2327 1345 2384; baseline 0.003 -25"><span class='ocrx_word' id='word_1_479' title='bbox 284 2332 363 2384; x_wconf 79' lang='lat' dir='ltr'>CA</span> <span class='ocrx_word' id='word_1_480' title='bbox 368 2332 392 2358; x_wconf 91' lang='lat' dir='ltr'><em>R</em></span> <span class='ocrx_word' id='word_1_481' title='bbox 401 2332 427 2359; x_wconf 93' lang='grc' dir='ltr'>Ο</span> <span class='ocrx_word' id='word_1_482' title='bbox 437 2331 523 2360; x_wconf 90' lang='lat' dir='ltr'>LUS</span> <span class='ocrx_word' id='word_1_483' title='bbox 531 2351 541 2367; x_wconf 85' lang='lat'>‚</span> <span class='ocrx_word' id='word_1_484' title='bbox 560 2328 618 2359; x_wconf 86' lang='lat' dir='ltr'>Dei</span> <span class='ocrx_word' id='word_1_485' title='bbox 632 2328 732 2360; x_wconf 85' lang='lat' dir='ltr'>Gratia</span> <span class='ocrx_word' id='word_1_486' title='bbox 766 2327 888 2367; x_wconf 78' lang='lat' dir='ltr'>Anglie,</span> <span class='ocrx_word' id='word_1_487' title='bbox 907 2331 1008 2368; x_wconf 80' lang='lat' dir='ltr'>Scotie,</span> <span class='ocrx_word' id='word_1_488' title='bbox 1025 2333 1142 2360; x_wconf 82' lang='lat' dir='ltr'>Francie</span> <span class='ocrx_word' id='word_1_489' title='bbox 1151 2330 1189 2366; x_wconf 82' lang='lat'><em>&amp;</em></span> <span class='ocrx_word' id='word_1_490' title='bbox 1202 2331 1345 2371; x_wconf 83' lang='lat' dir='ltr'>Hibernie,</span> 
     </span>
     <span class='ocr_line' id='line_1_64' title="bbox 344 2350 1345 2408; baseline 0.003 -10"><span class='ocrx_word' id='word_1_491' title='bbox 344 2368 425 2406; x_wconf 80' lang='lat' dir='ltr'>Rex,</span> <span class='ocrx_word' id='word_1_492' title='bbox 442 2368 520 2398; x_wconf 89' lang='lat' dir='ltr'>Fidei</span> <span class='ocrx_word' id='word_1_493' title='bbox 536 2367 700 2405; x_wconf 82' lang='lat' dir='ltr'>Defensor,</span> <span class='ocrx_word' id='word_1_494' title='bbox 717 2350 780 2401; x_wconf 53' lang='lat' dir='ltr'>&amp;a</span> <span class='ocrx_word' id='word_1_495' title='bbox 816 2367 963 2399; x_wconf 73' lang='lat' dir='ltr'>Universis</span> <span class='ocrx_word' id='word_1_496' title='bbox 978 2370 1011 2400; x_wconf 87' lang='lat'>&amp;</span> <span class='ocrx_word' id='word_1_497' title='bbox 1028 2370 1140 2408; x_wconf 84' lang='lat' dir='ltr'>lingulis</span> <span class='ocrx_word' id='word_1_498' title='bbox 1156 2369 1345 2402; x_wconf 87' lang='lat' dir='ltr'>Vicecomiti-</span> 
     </span>
     <span class='ocr_line' id='line_1_65' title="bbox 278 2405 1345 2447; baseline 0.004 -11"><span class='ocrx_word' id='word_1_499' title='bbox 278 2406 330 2436; x_wconf 87' lang='lat' dir='ltr'>bus</span> <span class='ocrx_word' id='word_1_500' title='bbox 348 2406 509 2447; x_wconf 80' lang='lat' dir='ltr'>Majoribus</span> <span class='ocrx_word' id='word_1_501' title='bbox 527 2405 636 2437; x_wconf 85' lang='lat' dir='ltr'>Ballivis</span> <span class='ocrx_word' id='word_1_502' title='bbox 660 2406 898 2445; x_wconf 86' lang='lat' dir='ltr'>Constabulariis,</span> <span class='ocrx_word' id='word_1_503' title='bbox 926 2407 1126 2438; x_wconf 90' lang='lat' dir='ltr'>Provisoribus</span> <span class='ocrx_word' id='word_1_504' title='bbox 1142 2408 1269 2447; x_wconf 85' lang='lat' dir='ltr'>Hospitii</span> <span class='ocrx_word' id='word_1_505' title='bbox 1290 2420 1345 2441; x_wconf 90' lang='lat' dir='ltr'>no-</span> 
     </span>
     <span class='ocr_line' id='line_1_66' title="bbox 279 2444 1346 2487; baseline 0.003 -12"><span class='ocrx_word' id='word_1_506' title='bbox 279 2444 344 2484; x_wconf 88' lang='lat' dir='ltr'>stri,</span> <span class='ocrx_word' id='word_1_507' title='bbox 363 2447 395 2476; x_wconf 74' lang='grc' dir='ltr'>ὃῑ</span> <span class='ocrx_word' id='word_1_508' title='bbox 413 2446 469 2476; x_wconf 83' lang='lat' dir='ltr'>aliis</span> <span class='ocrx_word' id='word_1_509' title='bbox 484 2445 656 2482; x_wconf 78' lang='lat' dir='ltr'>Captoribus</span> <span class='ocrx_word' id='word_1_510' title='bbox 670 2444 847 2475; x_wconf 67' lang='lat' dir='ltr'>Vic&#39;cualium</span> <span class='ocrx_word' id='word_1_511' title='bbox 862 2446 1028 2476; x_wconf 79' lang='lat' dir='ltr'>autaliarum</span> <span class='ocrx_word' id='word_1_512' title='bbox 1045 2446 1156 2478; x_wconf 85' lang='lat' dir='ltr'>Rerum</span> <span class='ocrx_word' id='word_1_513' title='bbox 1171 2458 1224 2485; x_wconf 89' lang='lat' dir='ltr'>pro</span> <span class='ocrx_word' id='word_1_514' title='bbox 1236 2447 1346 2487; x_wconf 87' lang='lat' dir='ltr'>Hospi-</span> 
     </span>
     <span class='ocr_line' id='line_1_67' title="bbox 280 2483 1343 2523; baseline 0.004 -9"><span class='ocrx_word' id='word_1_515' title='bbox 280 2485 322 2514; x_wconf 91' lang='lat' dir='ltr'>tio</span> <span class='ocrx_word' id='word_1_516' title='bbox 339 2483 456 2522; x_wconf 84' lang='lat' dir='ltr'>nostro,</span> <span class='ocrx_word' id='word_1_517' title='bbox 474 2493 506 2513; x_wconf 86' lang='lat' dir='ltr'>ac</span> <span class='ocrx_word' id='word_1_518' title='bbox 523 2484 581 2514; x_wconf 83' lang='lat' dir='ltr'>aliis</span> <span class='ocrx_word' id='word_1_519' title='bbox 596 2483 748 2514; x_wconf 84' lang='lat' dir='ltr'>Officiariis</span> <span class='ocrx_word' id='word_1_520' title='bbox 764 2483 906 2514; x_wconf 86' lang='lat' dir='ltr'>Ministris</span> <span class='ocrx_word' id='word_1_521' title='bbox 925 2484 1016 2523; x_wconf 87' lang='lat' dir='ltr'>Ligeis</span> <span class='ocrx_word' id='word_1_522' title='bbox 1040 2486 1073 2517; x_wconf 89' lang='lat'>&amp;</span> <span class='ocrx_word' id='word_1_523' title='bbox 1090 2485 1218 2517; x_wconf 84' lang='lat' dir='ltr'>Subditis</span> <span class='ocrx_word' id='word_1_524' title='bbox 1239 2487 1343 2518; x_wconf 87' lang='lat' dir='ltr'>nostris</span> 
     </span>
     <span class='ocr_line' id='line_1_68' title="bbox 281 2521 1345 2564; baseline 0.002 -12"><span class='ocrx_word' id='word_1_525' title='bbox 281 2522 497 2560; x_wconf 75' lang='lat' dir='ltr'>quibuscunque</span> <span class='ocrx_word' id='word_1_526' title='bbox 510 2521 660 2553; x_wconf 75' lang='lat' dir='ltr'>tam’infra</span> <span class='ocrx_word' id='word_1_527' title='bbox 678 2523 835 2553; x_wconf 65' lang='lat' dir='ltr'>Libertate-s</span> <span class='ocrx_word' id='word_1_528' title='bbox 853 2532 939 2561; x_wconf 87' lang='lat' dir='ltr'>quam</span> <span class='ocrx_word' id='word_1_529' title='bbox 956 2532 1051 2563; x_wconf 80' lang='lat' dir='ltr'>extra,</span> <span class='ocrx_word' id='word_1_530' title='bbox 1068 2524 1104 2555; x_wconf 90' lang='lat' dir='ltr'>ad</span> <span class='ocrx_word' id='word_1_531' title='bbox 1122 2535 1193 2563; x_wconf 88' lang='lat' dir='ltr'>quos</span> <span class='ocrx_word' id='word_1_532' title='bbox 1208 2526 1345 2564; x_wconf 86' lang='lat' dir='ltr'>presentes</span> 
     </span>
     <span class='ocr_line' id='line_1_69' title="bbox 283 2561 750 2599; baseline -0.009 -5"><span class='ocrx_word' id='word_1_533' title='bbox 283 2562 380 2594; x_wconf 87' lang='lat' dir='ltr'>Litere</span> <span class='ocrx_word' id='word_1_534' title='bbox 399 2562 596 2599; x_wconf 82' lang='lat' dir='ltr'>pervenerint,</span> <span class='ocrx_word' id='word_1_535' title='bbox 613 2561 750 2591; x_wconf 84' lang='lat' dir='ltr'>Salutem.</span> 
     </span>
     <span class='ocr_line' id='line_1_70' title="bbox 317 2599 1341 2641; baseline 0.004 -11"><span class='ocrx_word' id='word_1_536' title='bbox 317 2600 397 2631; x_wconf 87' lang='lat' dir='ltr'>Cum</span> <span class='ocrx_word' id='word_1_537' title='bbox 414 2599 560 2630; x_wconf 81' lang='lat' dir='ltr'>Dominus</span> <span class='ocrx_word' id='word_1_538' title='bbox 575 2600 708 2629; x_wconf 75' lang='lat' dir='ltr'>Ricardus</span> <span class='ocrx_word' id='word_1_539' title='bbox 727 2607 809 2637; x_wconf 78' lang='lat' dir='ltr'>nuper</span> <span class='ocrx_word' id='word_1_540' title='bbox 824 2601 884 2629; x_wconf 82' lang='lat' dir='ltr'>Rex</span> <span class='ocrx_word' id='word_1_541' title='bbox 901 2600 1007 2637; x_wconf 81' lang='lat' dir='ltr'>Anglie</span> <span class='ocrx_word' id='word_1_542' title='bbox 1021 2600 1184 2641; x_wconf 78' lang='lat' dir='ltr'>Secundus,</span> <span class='ocrx_word' id='word_1_543' title='bbox 1199 2602 1341 2640; x_wconf 85' lang='lat' dir='ltr'>Progeni-</span> 
     </span>
     <span class='ocr_line' id='line_1_71' title="bbox 277 2637 1342 2677; baseline 0.001 -6"><span class='ocrx_word' id='word_1_544' title='bbox 277 2648 324 2671; x_wconf 75' lang='grc' dir='ltr'>τοι·</span> <span class='ocrx_word' id='word_1_545' title='bbox 344 2637 460 2675; x_wconf 88' lang='lat' dir='ltr'>noster,</span> <span class='ocrx_word' id='word_1_546' title='bbox 479 2648 528 2676; x_wconf 86' lang='lat' dir='ltr'>per</span> <span class='ocrx_word' id='word_1_547' title='bbox 549 2637 667 2668; x_wconf 81' lang='lat' dir='ltr'>Cartam</span> <span class='ocrx_word' id='word_1_548' title='bbox 687 2638 779 2674; x_wconf 81' lang='lat' dir='ltr'>suam,</span> <span class='ocrx_word' id='word_1_549' title='bbox 800 2648 885 2676; x_wconf 89' lang='lat' dir='ltr'>quam</span> <span class='ocrx_word' id='word_1_550' title='bbox 904 2639 1128 2677; x_wconf 76' lang='lat' dir='ltr'>prechariffimus</span> <span class='ocrx_word' id='word_1_551' title='bbox 1144 2640 1227 2672; x_wconf 80' lang='lat' dir='ltr'>Pater</span> <span class='ocrx_word' id='word_1_552' title='bbox 1245 2641 1342 2672; x_wconf 88' lang='lat' dir='ltr'>noster</span> 
     </span>
     <span class='ocr_line' id='line_1_72' title="bbox 279 2675 1339 2716; baseline 0.003 -9"><span class='ocrx_word' id='word_1_553' title='bbox 279 2678 429 2710; x_wconf 79' lang='lat' dir='ltr'>Dominus</span> <span class='ocrx_word' id='word_1_554' title='bbox 441 2675 566 2715; x_wconf 81' lang='lat' dir='ltr'>Jacobus</span> <span class='ocrx_word' id='word_1_555' title='bbox 579 2686 663 2716; x_wconf 81' lang='lat' dir='ltr'>nuper</span> <span class='ocrx_word' id='word_1_556' title='bbox 679 2678 740 2706; x_wconf 79' lang='lat' dir='ltr'>Rex</span> <span class='ocrx_word' id='word_1_557' title='bbox 756 2676 861 2712; x_wconf 78' lang='lat' dir='ltr'>Anglie</span> <span class='ocrx_word' id='word_1_558' title='bbox 878 2699 887 2714; x_wconf 87' lang='lat'>,</span> <span class='ocrx_word' id='word_1_559' title='bbox 907 2677 1042 2707; x_wconf 81' lang='lat' dir='ltr'>undecimo</span> <span class='ocrx_word' id='word_1_560' title='bbox 1064 2681 1117 2708; x_wconf 81' lang='lat' dir='ltr'>Die</span> <span class='ocrx_word' id='word_1_561' title='bbox 1140 2682 1232 2716; x_wconf 78' lang='lat' dir='ltr'>Maii,</span> <span class='ocrx_word' id='word_1_562' title='bbox 1251 2680 1339 2711; x_wconf 90' lang='lat' dir='ltr'>Anno</span> 
     </span>
     <span class='ocr_line' id='line_1_73' title="bbox 281 2714 1339 2757; baseline 0.003 -12"><span class='ocrx_word' id='word_1_563' title='bbox 281 2716 379 2756; x_wconf 80' lang='lat' dir='ltr'>Regni</span> <span class='ocrx_word' id='word_1_564' title='bbox 392 2716 431 2746; x_wconf 86' lang='lat' dir='ltr'>sui</span> <span class='ocrx_word' id='word_1_565' title='bbox 449 2714 568 2752; x_wconf 65' lang='lat' dir='ltr'>Angue,</span> <span class='ocrx_word' id='word_1_566' title='bbox 586 2718 699 2744; x_wconf 68' lang='lat' dir='ltr'>Fran-cie</span> <span class='ocrx_word' id='word_1_567' title='bbox 719 2714 758 2749; x_wconf 64' lang='grc' dir='ltr'>ό·</span> <span class='ocrx_word' id='word_1_568' title='bbox 779 2715 908 2744; x_wconf 80' lang='lat' dir='ltr'>Hibernie</span> <span class='ocrx_word' id='word_1_569' title='bbox 927 2718 1020 2746; x_wconf 75' lang='lat' dir='ltr'>Tertio</span> <span class='ocrx_word' id='word_1_570' title='bbox 1041 2714 1079 2750; x_wconf 64' lang='grc' dir='ltr'>ὠ·</span> <span class='ocrx_word' id='word_1_571' title='bbox 1095 2720 1182 2747; x_wconf 85' lang='lat' dir='ltr'>Scotie</span> <span class='ocrx_word' id='word_1_572' title='bbox 1203 2719 1339 2757; x_wconf 84' lang='lat' dir='ltr'>Tricefimo</span> 
     </span>
     <span class='ocr_line' id='line_1_74' title="bbox 281 2752 1343 2795; baseline 0.001 -9"><span class='ocrx_word' id='word_1_573' title='bbox 281 2756 398 2791; x_wconf 70' lang='lat' dir='ltr'>oft&#39;avo,</span> <span class='ocrx_word' id='word_1_574' title='bbox 415 2752 627 2784; x_wconf 83' lang='lat' dir='ltr'>confirmaverit</span> <span class='ocrx_word' id='word_1_575' title='bbox 638 2776 648 2790; x_wconf 91' lang='lat'>,</span> <span class='ocrx_word' id='word_1_576' title='bbox 661 2752 845 2792; x_wconf 78' lang='lat' dir='ltr'>concesserit,</span> <span class='ocrx_word' id='word_1_577' title='bbox 863 2753 971 2784; x_wconf 69' lang='lat' dir='ltr'>dileftis</span> <span class='ocrx_word' id='word_1_578' title='bbox 987 2754 1038 2785; x_wconf 74' lang='lat' dir='ltr'>fibi</span> <span class='ocrx_word' id='word_1_579' title='bbox 1052 2756 1081 2785; x_wconf 89' lang='lat' dir='ltr'>in</span> <span class='ocrx_word' id='word_1_580' title='bbox 1103 2755 1222 2787; x_wconf 87' lang='lat' dir='ltr'>Christo</span> <span class='ocrx_word' id='word_1_581' title='bbox 1236 2757 1343 2795; x_wconf 68' lang='lat' dir='ltr'>Custodi</span> 
     </span>
     <span class='ocr_line' id='line_1_75' title="bbox 282 2791 1342 2833; baseline 0.004 -12"><span class='ocrx_word' id='word_1_582' title='bbox 282 2792 322 2829; x_wconf 65' lang='grc' dir='ltr'>ὠ·</span> <span class='ocrx_word' id='word_1_583' title='bbox 335 2791 485 2824; x_wconf 80' lang='lat' dir='ltr'>Scolaribus</span> <span class='ocrx_word' id='word_1_584' title='bbox 501 2791 610 2829; x_wconf 64' lang='lat' dir='ltr'>collegii</span> <span class='ocrx_word' id='word_1_585' title='bbox 629 2795 723 2821; x_wconf 77' lang='lat' dir='ltr'>vocati</span> <span class='ocrx_word' id='word_1_586' title='bbox 738 2795 820 2821; x_wconf 82' lang='lat' dir='ltr'>Saint</span> <span class='ocrx_word' id='word_1_587' title='bbox 836 2795 930 2822; x_wconf 82' lang='lat' dir='ltr'>Marie</span> <span class='ocrx_word' id='word_1_588' title='bbox 943 2792 1064 2830; x_wconf 83' lang='lat' dir='ltr'>Colledge</span> <span class='ocrx_word' id='word_1_589' title='bbox 1077 2793 1113 2832; x_wconf 87' lang='lat' dir='ltr'>of-</span> <span class='ocrx_word' id='word_1_590' title='bbox 1126 2794 1294 2833; x_wconf 80' lang='lat' dir='ltr'>Winchestre</span> <span class='ocrx_word' id='word_1_591' title='bbox 1312 2799 1342 2825; x_wconf 76' lang='lat' dir='ltr'>in</span> 
     </span>
     <span class='ocr_line' id='line_1_76' title="bbox 282 2830 1343 2871; baseline 0.003 -9"><span class='ocrx_word' id='word_1_592' title='bbox 282 2831 447 2871; x_wconf 80' lang='lat' dir='ltr'>oxenford,</span> <span class='ocrx_word' id='word_1_593' title='bbox 466 2831 498 2861; x_wconf 72' lang='grc' dir='ltr'>ὅ(</span> <span class='ocrx_word' id='word_1_594' title='bbox 514 2841 615 2861; x_wconf 91' lang='lat' dir='ltr'>eorum</span> <span class='ocrx_word' id='word_1_595' title='bbox 629 2830 951 2870; x_wconf 78' lang='lat' dir='ltr'>Succefforibus‚quod</span> <span class='ocrx_word' id='word_1_596' title='bbox 967 2832 1034 2870; x_wconf 82' lang='lat' dir='ltr'>ipsi,</span> <span class='ocrx_word' id='word_1_597' title='bbox 1049 2833 1083 2863; x_wconf 72' lang='grc' dir='ltr'>δε</span> <span class='ocrx_word' id='word_1_598' title='bbox 1104 2843 1205 2864; x_wconf 90' lang='lat' dir='ltr'>eorum</span> <span class='ocrx_word' id='word_1_599' title='bbox 1226 2834 1343 2865; x_wconf 83' lang='lat' dir='ltr'>Succes-</span> 
     </span>
     <span class='ocr_line' id='line_1_77' title="bbox 285 2868 1347 2911; baseline 0.002 -10"><span class='ocrx_word' id='word_1_600' title='bbox 285 2872 358 2904; x_wconf 87' lang='lat' dir='ltr'>sores</span> <span class='ocrx_word' id='word_1_601' title='bbox 365 2894 375 2909; x_wconf 87' lang='lat'>‚</span> <span class='ocrx_word' id='word_1_602' title='bbox 395 2871 428 2901; x_wconf 90' lang='lat'>&amp;</span> <span class='ocrx_word' id='word_1_603' title='bbox 446 2878 548 2900; x_wconf 85' lang='lat' dir='ltr'>omnes</span> <span class='ocrx_word' id='word_1_604' title='bbox 564 2868 731 2908; x_wconf 80' lang='lat' dir='ltr'>Homines,</span> <span class='ocrx_word' id='word_1_605' title='bbox 750 2870 783 2900; x_wconf 73' lang='grc' dir='ltr'>δε</span> <span class='ocrx_word' id='word_1_606' title='bbox 803 2869 952 2900; x_wconf 81' lang='lat' dir='ltr'>Tenentes</span> <span class='ocrx_word' id='word_1_607' title='bbox 972 2870 1012 2900; x_wconf 85' lang='lat' dir='ltr'>sui</span> <span class='ocrx_word' id='word_1_608' title='bbox 1029 2870 1082 2903; x_wconf 81' lang='lat' dir='ltr'>sint</span> <span class='ocrx_word' id='word_1_609' title='bbox 1097 2873 1184 2910; x_wconf 86' lang='lat' dir='ltr'>quieti</span> <span class='ocrx_word' id='word_1_610' title='bbox 1203 2874 1347 2911; x_wconf 88' lang='lat' dir='ltr'>imperpe-</span> 
     </span>
     <span class='ocr_line' id='line_1_78' title="bbox 285 2907 1347 2948; baseline 0.002 -8"><span class='ocrx_word' id='word_1_611' title='bbox 285 2918 370 2940; x_wconf 91' lang='lat' dir='ltr'>tuum</span> <span class='ocrx_word' id='word_1_612' title='bbox 387 2909 422 2939; x_wconf 91' lang='lat' dir='ltr'>de</span> <span class='ocrx_word' id='word_1_613' title='bbox 437 2907 609 2938; x_wconf 90' lang='lat' dir='ltr'>Theolonio</span> <span class='ocrx_word' id='word_1_614' title='bbox 622 2907 746 2947; x_wconf 86' lang='lat' dir='ltr'>Panagio</span> <span class='ocrx_word' id='word_1_615' title='bbox 762 2907 904 2947; x_wconf 81' lang='lat' dir='ltr'>Pontagio</span> <span class='ocrx_word' id='word_1_616' title='bbox 923 2907 1043 2948; x_wconf 84' lang='lat' dir='ltr'>Kaiagio</span> <span class='ocrx_word' id='word_1_617' title='bbox 1066 2909 1201 2946; x_wconf 82' lang='lat' dir='ltr'>Muragio</span> <span class='ocrx_word' id='word_1_618' title='bbox 1219 2911 1347 2947; x_wconf 70' lang='lat' dir='ltr'>Passagio</span> 
     </span>
     <span class='ocr_line' id='line_1_79' title="bbox 287 2946 1350 2989; baseline 0.003 -11"><span class='ocrx_word' id='word_1_619' title='bbox 287 2948 402 2986; x_wconf 83' lang='lat' dir='ltr'>Paiagio</span> <span class='ocrx_word' id='word_1_620' title='bbox 417 2946 549 2985; x_wconf 83' lang='lat' dir='ltr'>Lastagio</span> <span class='ocrx_word' id='word_1_621' title='bbox 564 2946 639 2976; x_wconf 87' lang='lat' dir='ltr'>Staill</span> <span class='ocrx_word' id='word_1_622' title='bbox 658 2947 706 2976; x_wconf 71' lang='lat' dir='ltr'>oio</span> <span class='ocrx_word' id='word_1_623' title='bbox 713 2946 852 2985; x_wconf 84' lang='lat' dir='ltr'>Taillagio</span> <span class='ocrx_word' id='word_1_624' title='bbox 867 2946 1002 2984; x_wconf 81' lang='lat' dir='ltr'>Cariagio</span> <span class='ocrx_word' id='word_1_625' title='bbox 1012 2947 1137 2988; x_wconf 76' lang='lat' dir='ltr'>passagio</span> <span class='ocrx_word' id='word_1_626' title='bbox 1149 2949 1267 2989; x_wconf 87' lang='lat' dir='ltr'>Picagio</span> <span class='ocrx_word' id='word_1_627' title='bbox 1275 2950 1350 2981; x_wconf 89' lang='lat' dir='ltr'>Ter-</span> 
     </span>
     <span class='ocr_line' id='line_1_80' title="bbox 290 2957 1346 3026; baseline 0.002 -9"><span class='ocrx_word' id='word_1_628' title='bbox 290 2987 367 3026; x_wconf 82' lang='lat' dir='ltr'>ragio</span> <span class='ocrx_word' id='word_1_629' title='bbox 384 2985 487 3015; x_wconf 76' lang='lat' dir='ltr'>Scotto</span> <span class='ocrx_word' id='word_1_630' title='bbox 501 2985 535 3015; x_wconf 89' lang='lat'>&amp;</span> <span class='ocrx_word' id='word_1_631' title='bbox 551 2957 813 3023; x_wconf 51' lang='lat' dir='ltr'>Geldoaff-lindagio</span> <span class='ocrx_word' id='word_1_632' title='bbox 828 2984 980 3023; x_wconf 80' lang='lat' dir='ltr'>Scutagio,</span> <span class='ocrx_word' id='word_1_633' title='bbox 998 2986 1032 3016; x_wconf 89' lang='lat'>&amp;</span> <span class='ocrx_word' id='word_1_634' title='bbox 1047 2987 1083 3017; x_wconf 89' lang='lat' dir='ltr'>de</span> <span class='ocrx_word' id='word_1_635' title='bbox 1099 2987 1346 3026; x_wconf 73' lang='lat' dir='ltr'>operationibus*</span> 
     </span>
     <span class='ocr_line' id='line_1_81' title="bbox 290 3022 1348 3064; baseline 0.003 -10"><span class='ocrx_word' id='word_1_636' title='bbox 290 3024 462 3056; x_wconf 78' lang='lat' dir='ltr'>Castrorum</span> <span class='ocrx_word' id='word_1_637' title='bbox 475 3022 635 3053; x_wconf 89' lang='lat' dir='ltr'>Parcorum</span> <span class='ocrx_word' id='word_1_638' title='bbox 649 3023 682 3054; x_wconf 93' lang='lat'>&amp;</span> <span class='ocrx_word' id='word_1_639' title='bbox 696 3022 835 3053; x_wconf 87' lang='lat' dir='ltr'>Pontium</span> <span class='ocrx_word' id='word_1_640' title='bbox 857 3022 997 3054; x_wconf 86' lang='lat' dir='ltr'>Clausuris</span> <span class='ocrx_word' id='word_1_641' title='bbox 1016 3024 1131 3056; x_wconf 60' lang='lat' dir='ltr'>faoturis</span> <span class='ocrx_word' id='word_1_642' title='bbox 1148 3026 1348 3064; x_wconf 86' lang='lat' dir='ltr'>Reparationi-</span> 
     </span>
     <span class='ocr_line' id='line_1_82' title="bbox 290 3060 1349 3104; baseline 0.001 -9"><span class='ocrx_word' id='word_1_643' title='bbox 290 3064 344 3095; x_wconf 90' lang='lat' dir='ltr'>bus</span> <span class='ocrx_word' id='word_1_644' title='bbox 359 3063 392 3093; x_wconf 87' lang='lat'>&amp;</span> <span class='ocrx_word' id='word_1_645' title='bbox 405 3060 666 3092; x_wconf 86' lang='lat' dir='ltr'>Emendationibus</span> <span class='ocrx_word' id='word_1_646' title='bbox 682 3060 816 3091; x_wconf 90' lang='lat' dir='ltr'>Domum</span> <span class='ocrx_word' id='word_1_647' title='bbox 834 3061 985 3099; x_wconf 83' lang='lat' dir='ltr'>Regalium</span> <span class='ocrx_word' id='word_1_648' title='bbox 1000 3062 1200 3104; x_wconf 74' lang='lat' dir='ltr'>Edification’5</span> <span class='ocrx_word' id='word_1_649' title='bbox 1217 3065 1349 3097; x_wconf 89' lang='lat' dir='ltr'>Necnon</span> 
     </span>
     <span class='ocr_line' id='line_1_83' title="bbox 288 3098 1353 3142; baseline 0.003 -10"><span class='ocrx_word' id='word_1_650' title='bbox 288 3103 324 3135; x_wconf 83' lang='lat' dir='ltr'>de</span> <span class='ocrx_word' id='word_1_651' title='bbox 344 3100 434 3132; x_wconf 72' lang='lat' dir='ltr'>Seffis</span> <span class='ocrx_word' id='word_1_652' title='bbox 454 3099 656 3130; x_wconf 90' lang='lat' dir='ltr'>Comitatuum</span> <span class='ocrx_word' id='word_1_653' title='bbox 673 3098 901 3130; x_wconf 87' lang='lat' dir='ltr'>Hundredorum</span> <span class='ocrx_word' id='word_1_654' title='bbox 925 3102 958 3131; x_wconf 64' lang='grc' dir='ltr'>ὃς</span> <span class='ocrx_word' id='word_1_655' title='bbox 983 3101 1241 3142; x_wconf 81' lang='lat' dir='ltr'>wapentagiorum</span> <span class='ocrx_word' id='word_1_656' title='bbox 1266 3105 1300 3135; x_wconf 88' lang='lat'>&amp;</span> <span class='ocrx_word' id='word_1_657' title='bbox 1317 3105 1353 3135; x_wconf 90' lang='lat' dir='ltr'>de</span> 
     </span>
     <span class='ocr_line' id='line_1_84' title="bbox 290 3136 1351 3175; baseline 0.002 -3"><span class='ocrx_word' id='word_1_658' title='bbox 290 3138 468 3172; x_wconf 85' lang='lat' dir='ltr'>omnimodis</span> <span class='ocrx_word' id='word_1_659' title='bbox 483 3137 601 3168; x_wconf 84' lang='lat' dir='ltr'>Auxiliis</span> <span class='ocrx_word' id='word_1_660' title='bbox 615 3136 729 3175; x_wconf 82' lang='lat' dir='ltr'>Regum</span> <span class='ocrx_word' id='word_1_661' title='bbox 749 3148 782 3168; x_wconf 90' lang='lat' dir='ltr'>ac</span> <span class='ocrx_word' id='word_1_662' title='bbox 799 3137 1018 3170; x_wconf 88' lang='lat' dir='ltr'>Vicecomitum</span> <span class='ocrx_word' id='word_1_663' title='bbox 1041 3142 1074 3172; x_wconf 90' lang='lat'>&amp;</span> <span class='ocrx_word' id='word_1_664' title='bbox 1095 3142 1268 3173; x_wconf 80' lang='lat' dir='ltr'>Ballivorum</span> <span class='ocrx_word' id='word_1_665' title='bbox 1288 3144 1351 3174; x_wconf 90' lang='lat' dir='ltr'>suo-</span> 
     </span>
     <span class='ocr_line' id='line_1_85' title="bbox 293 3174 1354 3216; baseline 0.003 -6"><span class='ocrx_word' id='word_1_666' title='bbox 293 3189 379 3216; x_wconf 88' lang='lat' dir='ltr'>rum,</span> <span class='ocrx_word' id='word_1_667' title='bbox 397 3179 431 3210; x_wconf 87' lang='lat'>&amp;</span> <span class='ocrx_word' id='word_1_668' title='bbox 448 3177 484 3207; x_wconf 91' lang='lat' dir='ltr'>de</span> <span class='ocrx_word' id='word_1_669' title='bbox 500 3175 570 3207; x_wconf 80' lang='lat' dir='ltr'>Visu</span> <span class='ocrx_word' id='word_1_670' title='bbox 586 3174 687 3206; x_wconf 85' lang='lat' dir='ltr'>Franc’</span> <span class='ocrx_word' id='word_1_671' title='bbox 702 3175 756 3215; x_wconf 85' lang='lat' dir='ltr'>leg’</span> <span class='ocrx_word' id='word_1_672' title='bbox 765 3198 774 3214; x_wconf 89' lang='lat'>,</span> <span class='ocrx_word' id='word_1_673' title='bbox 790 3186 823 3207; x_wconf 90' lang='lat' dir='ltr'>ac</span> <span class='ocrx_word' id='word_1_674' title='bbox 846 3178 882 3207; x_wconf 90' lang='lat' dir='ltr'>de</span> <span class='ocrx_word' id='word_1_675' title='bbox 903 3176 1047 3216; x_wconf 85' lang='lat' dir='ltr'>Murdro,</span> <span class='ocrx_word' id='word_1_676' title='bbox 1061 3189 1094 3209; x_wconf 90' lang='lat' dir='ltr'>ac</span> <span class='ocrx_word' id='word_1_677' title='bbox 1111 3180 1146 3211; x_wconf 90' lang='lat' dir='ltr'>de</span> <span class='ocrx_word' id='word_1_678' title='bbox 1173 3180 1354 3213; x_wconf 86' lang='lat' dir='ltr'>Communia</span> 
     </span>
     <span class='ocr_line' id='line_1_86' title="bbox 296 3213 1356 3259; baseline 0.005 -13"><span class='ocrx_word' id='word_1_679' title='bbox 296 3217 380 3253; x_wconf 55' lang='lat' dir='ltr'>Mra,</span> <span class='ocrx_word' id='word_1_680' title='bbox 401 3215 518 3254; x_wconf 86' lang='lat' dir='ltr'>quando</span> <span class='ocrx_word' id='word_1_681' title='bbox 535 3213 838 3251; x_wconf 83' lang='lat' dir='ltr'>contigeritComitat&#39;</span> <span class='ocrx_word' id='word_1_682' title='bbox 855 3225 953 3246; x_wconf 88' lang='lat' dir='ltr'>coram</span> <span class='ocrx_word' id='word_1_683' title='bbox 964 3217 1046 3247; x_wconf 88' lang='lat' dir='ltr'>nobis</span> <span class='ocrx_word' id='word_1_684' title='bbox 1062 3218 1105 3248; x_wconf 87' lang='lat' dir='ltr'>vel</span> <span class='ocrx_word' id='word_1_685' title='bbox 1118 3220 1255 3257; x_wconf 80' lang='lat' dir='ltr'>aliquibus</span> <span class='ocrx_word' id='word_1_686' title='bbox 1268 3220 1356 3259; x_wconf 89' lang='lat' dir='ltr'>Justi-</span> 
     </span>
     <span class='ocr_line' id='line_1_87' title="bbox 297 3252 1355 3292; baseline 0.004 -7"><span class='ocrx_word' id='word_1_687' title='bbox 297 3256 387 3289; x_wconf 86' lang='lat' dir='ltr'>ciariis</span> <span class='ocrx_word' id='word_1_688' title='bbox 400 3254 521 3291; x_wconf 89' lang='lat' dir='ltr'>nostris,</span> <span class='ocrx_word' id='word_1_689' title='bbox 540 3253 588 3284; x_wconf 93' lang='lat' dir='ltr'>vel</span> <span class='ocrx_word' id='word_1_690' title='bbox 603 3252 753 3284; x_wconf 83' lang='lat' dir='ltr'>Heredum</span> <span class='ocrx_word' id='word_1_691' title='bbox 768 3253 949 3292; x_wconf 87' lang='lat' dir='ltr'>nostrorum,</span> <span class='ocrx_word' id='word_1_692' title='bbox 966 3254 1002 3285; x_wconf 91' lang='lat' dir='ltr'>de</span> <span class='ocrx_word' id='word_1_693' title='bbox 1016 3254 1113 3286; x_wconf 82' lang='lat' dir='ltr'>Banco</span> <span class='ocrx_word' id='word_1_694' title='bbox 1132 3258 1176 3288; x_wconf 92' lang='lat' dir='ltr'>vel</span> <span class='ocrx_word' id='word_1_695' title='bbox 1198 3258 1355 3290; x_wconf 87' lang='lat' dir='ltr'>Itineranti-</span> 
     </span>
     <span class='ocr_line' id='line_1_88' title="bbox 299 3290 1358 3330; baseline 0.005 -6"><span class='ocrx_word' id='word_1_696' title='bbox 299 3294 371 3330; x_wconf 83' lang='lat' dir='ltr'>bus,</span> <span class='ocrx_word' id='word_1_697' title='bbox 388 3294 419 3323; x_wconf 86' lang='lat' dir='ltr'>in</span> <span class='ocrx_word' id='word_1_698' title='bbox 435 3292 562 3323; x_wconf 76' lang='lat' dir='ltr'>Manum</span> <span class='ocrx_word' id='word_1_699' title='bbox 577 3290 703 3322; x_wconf 88' lang='lat' dir='ltr'>nostram</span> <span class='ocrx_word' id='word_1_700' title='bbox 716 3292 852 3330; x_wconf 85' lang='lat' dir='ltr'>incidere,</span> <span class='ocrx_word' id='word_1_701' title='bbox 875 3293 908 3324; x_wconf 90' lang='lat'>&amp;</span> <span class='ocrx_word' id='word_1_702' title='bbox 921 3292 956 3323; x_wconf 91' lang='lat' dir='ltr'>de</span> <span class='ocrx_word' id='word_1_703' title='bbox 971 3295 1055 3324; x_wconf 90' lang='lat' dir='ltr'>omni</span> <span class='ocrx_word' id='word_1_704' title='bbox 1075 3295 1128 3328; x_wconf 88' lang='lat' dir='ltr'>alia</span> <span class='ocrx_word' id='word_1_705' title='bbox 1144 3295 1358 3329; x_wconf 85' lang='lat' dir='ltr'>Consuetudine</span> 
     </span>
     <span class='ocr_line' id='line_1_89' title="bbox 301 3329 1009 3371; baseline 0 -9"><span class='ocrx_word' id='word_1_706' title='bbox 301 3342 353 3371; x_wconf 88' lang='lat' dir='ltr'>per</span> <span class='ocrx_word' id='word_1_707' title='bbox 368 3341 464 3362; x_wconf 85' lang='lat' dir='ltr'>totum</span> <span class='ocrx_word' id='word_1_708' title='bbox 481 3331 510 3361; x_wconf 78' lang='lat' dir='ltr'>R</span> <span class='ocrx_word' id='word_1_709' title='bbox 549 3339 618 3361; x_wconf 88' lang='lat' dir='ltr'>num</span> <span class='ocrx_word' id='word_1_710' title='bbox 632 3330 666 3361; x_wconf 89' lang='lat'>&amp;</span> <span class='ocrx_word' id='word_1_711' title='bbox 681 3329 856 3361; x_wconf 84' lang='lat' dir='ltr'>Potestatem</span> <span class='ocrx_word' id='word_1_712' title='bbox 873 3330 1009 3362; x_wconf 90' lang='lat' dir='ltr'>nostram.</span> 
     </span>
    </p>

    <p class='ocr_par' dir='ltr' id='par_1_16' title="bbox 301 3369 1370 3990">
     <span class='ocr_line' id='line_1_90' title="bbox 339 3369 1363 3413; baseline 0.005 -13"><span class='ocrx_word' id='word_1_713' title='bbox 339 3369 378 3401; x_wconf 89' lang='lat' dir='ltr'>Et</span> <span class='ocrx_word' id='word_1_714' title='bbox 395 3370 509 3400; x_wconf 83' lang='lat' dir='ltr'>ulterius</span> <span class='ocrx_word' id='word_1_715' title='bbox 556 3369 671 3400; x_wconf 90' lang='lat' dir='ltr'>ominus</span> <span class='ocrx_word' id='word_1_716' title='bbox 684 3372 816 3399; x_wconf 84' lang='lat' dir='ltr'>Henricus</span> <span class='ocrx_word' id='word_1_717' title='bbox 829 3378 912 3409; x_wconf 84' lang='lat' dir='ltr'>nuper</span> <span class='ocrx_word' id='word_1_718' title='bbox 927 3372 988 3399; x_wconf 85' lang='lat' dir='ltr'>Rex</span> <span class='ocrx_word' id='word_1_719' title='bbox 1002 3371 1107 3408; x_wconf 83' lang='lat' dir='ltr'>Anglie</span> <span class='ocrx_word' id='word_1_720' title='bbox 1124 3375 1240 3412; x_wconf 79' lang='lat' dir='ltr'>Sextus,</span> <span class='ocrx_word' id='word_1_721' title='bbox 1256 3374 1363 3413; x_wconf 78' lang='lat' dir='ltr'>Proge-</span> 
     </span>
     <span class='ocr_line' id='line_1_91' title="bbox 301 3407 1365 3453; baseline 0.004 -13"><span class='ocrx_word' id='word_1_722' title='bbox 301 3410 379 3441; x_wconf 81' lang='lat' dir='ltr'>nitor</span> <span class='ocrx_word' id='word_1_723' title='bbox 401 3408 512 3446; x_wconf 87' lang='lat' dir='ltr'>noster,</span> <span class='ocrx_word' id='word_1_724' title='bbox 531 3419 580 3447; x_wconf 89' lang='lat' dir='ltr'>per</span> <span class='ocrx_word' id='word_1_725' title='bbox 602 3407 743 3438; x_wconf 83' lang='lat' dir='ltr'>Chartam</span> <span class='ocrx_word' id='word_1_726' title='bbox 767 3407 863 3446; x_wconf 80' lang='lat' dir='ltr'>suam,</span> <span class='ocrx_word' id='word_1_727' title='bbox 887 3417 972 3446; x_wconf 87' lang='lat' dir='ltr'>quam</span> <span class='ocrx_word' id='word_1_728' title='bbox 996 3411 1139 3446; x_wconf 69' lang='lat' dir='ltr'>predie‘cus</span> <span class='ocrx_word' id='word_1_729' title='bbox 1156 3411 1236 3443; x_wconf 85' lang='lat' dir='ltr'>Pater</span> <span class='ocrx_word' id='word_1_730' title='bbox 1254 3413 1365 3453; x_wconf 87' lang='lat' dir='ltr'>noster,</span> 
     </span>
     <span class='ocr_line' id='line_1_92' title="bbox 303 3446 1365 3486; baseline 0.005 -9"><span class='ocrx_word' id='word_1_731' title='bbox 303 3447 436 3486; x_wconf 68' lang='lat' dir='ltr'>predi&amp;o</span> <span class='ocrx_word' id='word_1_732' title='bbox 453 3448 588 3477; x_wconf 81' lang='lat' dir='ltr'>undecimo</span> <span class='ocrx_word' id='word_1_733' title='bbox 603 3449 659 3476; x_wconf 83' lang='lat' dir='ltr'>Die</span> <span class='ocrx_word' id='word_1_734' title='bbox 668 3448 745 3475; x_wconf 82' lang='lat' dir='ltr'>Maii</span> <span class='ocrx_word' id='word_1_735' title='bbox 757 3446 988 3484; x_wconf 82' lang='lat' dir='ltr'>confirmaverit,</span> <span class='ocrx_word' id='word_1_736' title='bbox 1007 3449 1176 3480; x_wconf 77' lang='lat' dir='ltr'>concesserit</span> <span class='ocrx_word' id='word_1_737' title='bbox 1190 3451 1296 3482; x_wconf 88' lang='lat' dir='ltr'>eisdem</span> <span class='ocrx_word' id='word_1_738' title='bbox 1310 3456 1365 3481; x_wconf 87' lang='lat' dir='ltr'>Cu-</span> 
     </span>
     <span class='ocr_line' id='line_1_93' title="bbox 303 3483 1366 3527; baseline 0.005 -11"><span class='ocrx_word' id='word_1_739' title='bbox 303 3486 371 3525; x_wconf 74' lang='lat' dir='ltr'>stodi</span> <span class='ocrx_word' id='word_1_740' title='bbox 387 3485 556 3515; x_wconf 65' lang='lat' dir='ltr'>scholaribus</span> <span class='ocrx_word' id='word_1_741' title='bbox 571 3487 604 3517; x_wconf 68' lang='grc' dir='ltr'>ὃ(</span> <span class='ocrx_word' id='word_1_742' title='bbox 617 3494 718 3516; x_wconf 88' lang='lat' dir='ltr'>eorum</span> <span class='ocrx_word' id='word_1_743' title='bbox 732 3483 944 3515; x_wconf 77' lang='lat' dir='ltr'>successoribus</span> <span class='ocrx_word' id='word_1_744' title='bbox 958 3486 1036 3523; x_wconf 82' lang='lat' dir='ltr'>quod</span> <span class='ocrx_word' id='word_1_745' title='bbox 1047 3487 1082 3517; x_wconf 89' lang='lat' dir='ltr'>de</span> <span class='ocrx_word' id='word_1_746' title='bbox 1098 3487 1188 3518; x_wconf 85' lang='lat' dir='ltr'>Bladis</span> <span class='ocrx_word' id='word_1_747' title='bbox 1204 3489 1293 3527; x_wconf 88' lang='lat' dir='ltr'>Equis</span> <span class='ocrx_word' id='word_1_748' title='bbox 1312 3490 1366 3521; x_wconf 89' lang='lat' dir='ltr'>Fe-</span> 
     </span>
     <span class='ocr_line' id='line_1_94' title="bbox 308 3523 1370 3567; baseline 0.006 -13"><span class='ocrx_word' id='word_1_749' title='bbox 308 3527 353 3555; x_wconf 86' lang='lat' dir='ltr'>nis</span> <span class='ocrx_word' id='word_1_750' title='bbox 368 3524 496 3554; x_wconf 52' lang='lat' dir='ltr'>Carceris</span> <span class='ocrx_word' id='word_1_751' title='bbox 511 3524 646 3567; x_wconf 72' lang='lat' dir='ltr'>Cariagiis</span> <span class='ocrx_word' id='word_1_752' title='bbox 662 3523 838 3553; x_wconf 67' lang='lat' dir='ltr'>Vistualibus</span> <span class='ocrx_word' id='word_1_753' title='bbox 853 3532 901 3554; x_wconf 90' lang='lat' dir='ltr'>aut</span> <span class='ocrx_word' id='word_1_754' title='bbox 915 3524 971 3553; x_wconf 87' lang='lat' dir='ltr'>aliis</span> <span class='ocrx_word' id='word_1_755' title='bbox 988 3523 1070 3554; x_wconf 86' lang='lat' dir='ltr'>Bonis</span> <span class='ocrx_word' id='word_1_756' title='bbox 1079 3525 1194 3556; x_wconf 86' lang='lat' dir='ltr'>Catallis</span> <span class='ocrx_word' id='word_1_757' title='bbox 1208 3527 1253 3558; x_wconf 85' lang='lat' dir='ltr'>seu</span> <span class='ocrx_word' id='word_1_758' title='bbox 1270 3528 1370 3560; x_wconf 88' lang='lat' dir='ltr'>Rebus</span> 
     </span>
     <span class='ocr_line' id='line_1_95' title="bbox 306 3561 1365 3602; baseline 0.006 -10"><span class='ocrx_word' id='word_1_759' title='bbox 306 3563 431 3601; x_wconf 82' lang='lat' dir='ltr'>Collegii</span> <span class='ocrx_word' id='word_1_760' title='bbox 444 3563 579 3602; x_wconf 61' lang='lat' dir='ltr'>predidii,</span> <span class='ocrx_word' id='word_1_761' title='bbox 594 3567 639 3592; x_wconf 87' lang='lat' dir='ltr'>leu</span> <span class='ocrx_word' id='word_1_762' title='bbox 656 3561 793 3592; x_wconf 83' lang='lat' dir='ltr'>Custodis</span> <span class='ocrx_word' id='word_1_763' title='bbox 805 3561 1014 3593; x_wconf 82' lang='lat' dir='ltr'>&amp;Scholarum</span> <span class='ocrx_word' id='word_1_764' title='bbox 1029 3564 1225 3602; x_wconf 60' lang='lat' dir='ltr'>predffiiorum</span> <span class='ocrx_word' id='word_1_765' title='bbox 1239 3575 1284 3596; x_wconf 92' lang='lat' dir='ltr'>aut</span> <span class='ocrx_word' id='word_1_766' title='bbox 1292 3567 1365 3598; x_wconf 88' lang='lat' dir='ltr'>Suc-</span> 
     </span>
     <span class='ocr_line' id='line_1_96' title="bbox 307 3600 1368 3642; baseline 0.005 -10"><span class='ocrx_word' id='word_1_767' title='bbox 307 3602 452 3632; x_wconf 82' lang='lat' dir='ltr'>cessorum</span> <span class='ocrx_word' id='word_1_768' title='bbox 470 3601 582 3632; x_wconf 91' lang='lat' dir='ltr'>suorum</span> <span class='ocrx_word' id='word_1_769' title='bbox 597 3602 642 3631; x_wconf 87' lang='lat' dir='ltr'>seu</span> <span class='ocrx_word' id='word_1_770' title='bbox 653 3600 832 3631; x_wconf 89' lang='lat' dir='ltr'>Tenentium</span> <span class='ocrx_word' id='word_1_771' title='bbox 846 3608 906 3632; x_wconf 89' lang='lat' dir='ltr'>tam</span> <span class='ocrx_word' id='word_1_772' title='bbox 918 3601 1024 3639; x_wconf 86' lang='lat' dir='ltr'>integre</span> <span class='ocrx_word' id='word_1_773' title='bbox 1037 3603 1194 3634; x_wconf 88' lang='lat' dir='ltr'>tenentium</span> <span class='ocrx_word' id='word_1_774' title='bbox 1208 3615 1294 3642; x_wconf 91' lang='lat' dir='ltr'>quam</span> <span class='ocrx_word' id='word_1_775' title='bbox 1308 3616 1368 3637; x_wconf 90' lang='lat' dir='ltr'>non</span> 
     </span>
     <span class='ocr_line' id='line_1_97' title="bbox 306 3639 1369 3680; baseline 0.005 -10"><span class='ocrx_word' id='word_1_776' title='bbox 306 3641 415 3678; x_wconf 79' lang='lat' dir='ltr'>integre</span> <span class='ocrx_word' id='word_1_777' title='bbox 428 3641 604 3677; x_wconf 84' lang='lat' dir='ltr'>tenentium,</span> <span class='ocrx_word' id='word_1_778' title='bbox 624 3639 804 3669; x_wconf 86' lang='lat' dir='ltr'>residentium</span> <span class='ocrx_word' id='word_1_779' title='bbox 820 3640 854 3671; x_wconf 90' lang='lat'>&amp;</span> <span class='ocrx_word' id='word_1_780' title='bbox 869 3648 928 3669; x_wconf 92' lang='lat' dir='ltr'>non</span> <span class='ocrx_word' id='word_1_781' title='bbox 950 3639 1148 3680; x_wconf 80' lang='lat' dir='ltr'>residentium,</span> <span class='ocrx_word' id='word_1_782' title='bbox 1165 3652 1198 3673; x_wconf 83' lang='lat' dir='ltr'>ac</span> <span class='ocrx_word' id='word_1_783' title='bbox 1214 3643 1369 3675; x_wconf 87' lang='lat' dir='ltr'>Firmario-</span> 
     </span>
     <span class='ocr_line' id='line_1_98' title="bbox 308 3677 1368 3713; baseline 0.004 -5"><span class='ocrx_word' id='word_1_784' title='bbox 308 3688 374 3708; x_wconf 84' lang='lat' dir='ltr'>rum</span> <span class='ocrx_word' id='word_1_785' title='bbox 383 3679 602 3709; x_wconf 86' lang='lat' dir='ltr'>Procuratorum</span> <span class='ocrx_word' id='word_1_786' title='bbox 611 3677 781 3709; x_wconf 81' lang='lat' dir='ltr'>Ballivorum</span> <span class='ocrx_word' id='word_1_787' title='bbox 790 3677 979 3709; x_wconf 87' lang='lat' dir='ltr'>Servientium</span> <span class='ocrx_word' id='word_1_788' title='bbox 991 3678 1023 3708; x_wconf 72' lang='grc' dir='ltr'>δε</span> <span class='ocrx_word' id='word_1_789' title='bbox 1038 3677 1240 3710; x_wconf 85' lang='lat' dir='ltr'>Ministrorum</span> <span class='ocrx_word' id='word_1_790' title='bbox 1253 3681 1368 3713; x_wconf 69' lang='lat' dir='ltr'>suorum</span> 
     </span>
     <span class='ocr_line' id='line_1_99' title="bbox 310 3715 1367 3754; baseline 0.005 -8"><span class='ocrx_word' id='word_1_791' title='bbox 310 3726 550 3754; x_wconf 86' lang='lat' dir='ltr'>quorumcunque</span> <span class='ocrx_word' id='word_1_792' title='bbox 563 3716 606 3746; x_wconf 90' lang='lat' dir='ltr'>vel</span> <span class='ocrx_word' id='word_1_793' title='bbox 622 3717 734 3752; x_wconf 81' lang='lat' dir='ltr'>alicuius</span> <span class='ocrx_word' id='word_1_794' title='bbox 747 3716 922 3754; x_wconf 86' lang='lat' dir='ltr'>eorundem,</span> <span class='ocrx_word' id='word_1_795' title='bbox 939 3716 973 3746; x_wconf 90' lang='lat' dir='ltr'>ad</span> <span class='ocrx_word' id='word_1_796' title='bbox 990 3715 1074 3754; x_wconf 88' lang='lat' dir='ltr'>Opus</span> <span class='ocrx_word' id='word_1_797' title='bbox 1085 3718 1216 3749; x_wconf 86' lang='lat' dir='ltr'>nostrum</span> <span class='ocrx_word' id='word_1_798' title='bbox 1239 3721 1283 3750; x_wconf 90' lang='lat' dir='ltr'>vel</span> <span class='ocrx_word' id='word_1_799' title='bbox 1303 3721 1367 3751; x_wconf 86' lang='lat' dir='ltr'>He-</span> 
     </span>
     <span class='ocr_line' id='line_1_100' title="bbox 310 3753 1368 3794; baseline 0.008 -12"><span class='ocrx_word' id='word_1_800' title='bbox 310 3753 412 3783; x_wconf 82' lang='lat' dir='ltr'>redum</span> <span class='ocrx_word' id='word_1_801' title='bbox 428 3755 590 3785; x_wconf 88' lang='lat' dir='ltr'>nostrorum</span> <span class='ocrx_word' id='word_1_802' title='bbox 606 3763 651 3786; x_wconf 92' lang='lat' dir='ltr'>aut</span> <span class='ocrx_word' id='word_1_803' title='bbox 670 3755 791 3785; x_wconf 85' lang='lat' dir='ltr'>aliorum</span> <span class='ocrx_word' id='word_1_804' title='bbox 812 3764 1055 3794; x_wconf 85' lang='lat' dir='ltr'>quorumcunque</span> <span class='ocrx_word' id='word_1_805' title='bbox 1072 3765 1171 3787; x_wconf 87' lang='lat' dir='ltr'>contra</span> <span class='ocrx_word' id='word_1_806' title='bbox 1191 3758 1368 3790; x_wconf 87' lang='lat' dir='ltr'>voluntatem</span> 
     </span>
     <span class='ocr_line' id='line_1_101' title="bbox 312 3791 1367 3834; baseline 0.008 -14"><span class='ocrx_word' id='word_1_807' title='bbox 312 3791 396 3834; x_wconf 76' lang='lat' dir='ltr'>suam¹</span> <span class='ocrx_word' id='word_1_808' title='bbox 406 3801 452 3821; x_wconf 88' lang='lat' dir='ltr'>aut</span> <span class='ocrx_word' id='word_1_809' title='bbox 464 3793 575 3827; x_wconf 84' lang='lat' dir='ltr'>alicujus</span> <span class='ocrx_word' id='word_1_810' title='bbox 589 3794 759 3830; x_wconf 82' lang='lat' dir='ltr'>earundem,</span> <span class='ocrx_word' id='word_1_811' title='bbox 778 3802 827 3832; x_wconf 89' lang='lat' dir='ltr'>per</span> <span class='ocrx_word' id='word_1_812' title='bbox 840 3793 1002 3824; x_wconf 88' lang='lat' dir='ltr'>Provisores</span> <span class='ocrx_word' id='word_1_813' title='bbox 1016 3803 1064 3825; x_wconf 87' lang='lat' dir='ltr'>aut</span> <span class='ocrx_word' id='word_1_814' title='bbox 1077 3794 1145 3825; x_wconf 77' lang='lat' dir='ltr'>alios</span> <span class='ocrx_word' id='word_1_815' title='bbox 1164 3794 1304 3834; x_wconf 86' lang='lat' dir='ltr'>Captores</span> <span class='ocrx_word' id='word_1_816' title='bbox 1323 3798 1367 3828; x_wconf 91' lang='lat' dir='ltr'>vi-</span> 
     </span>
     <span class='ocr_line' id='line_1_102' title="bbox 313 3829 1368 3870; baseline 0.009 -13"><span class='ocrx_word' id='word_1_817' title='bbox 313 3829 450 3858; x_wconf 72' lang='lat' dir='ltr'>&amp;ualium</span> <span class='ocrx_word' id='word_1_818' title='bbox 462 3839 509 3860; x_wconf 83' lang='lat' dir='ltr'>aut</span> <span class='ocrx_word' id='word_1_819' title='bbox 521 3831 635 3860; x_wconf 80' lang='lat' dir='ltr'>aliarum</span> <span class='ocrx_word' id='word_1_820' title='bbox 647 3841 741 3862; x_wconf 89' lang='lat' dir='ltr'>rerum</span> <span class='ocrx_word' id='word_1_821' title='bbox 757 3842 809 3870; x_wconf 89' lang='lat' dir='ltr'>pro</span> <span class='ocrx_word' id='word_1_822' title='bbox 822 3831 959 3870; x_wconf 86' lang='lat' dir='ltr'>Hospitio</span> <span class='ocrx_word' id='word_1_823' title='bbox 972 3832 1071 3863; x_wconf 88' lang='lat' dir='ltr'>nostro</span> <span class='ocrx_word' id='word_1_824' title='bbox 1085 3833 1129 3864; x_wconf 85' lang='lat' dir='ltr'>vel</span> <span class='ocrx_word' id='word_1_825' title='bbox 1143 3833 1294 3866; x_wconf 88' lang='lat' dir='ltr'>Heredum</span> <span class='ocrx_word' id='word_1_826' title='bbox 1310 3845 1368 3866; x_wconf 92' lang='lat' dir='ltr'>no-</span> 
     </span>
     <span class='ocr_line' id='line_1_103' title="bbox 313 3866 1368 3910; baseline 0.011 -16"><span class='ocrx_word' id='word_1_827' title='bbox 313 3866 436 3909; x_wconf 76' lang='lat' dir='ltr'>strorum</span> <span class='ocrx_word' id='word_1_828' title='bbox 446 3890 454 3904; x_wconf 93' lang='lat'>,</span> <span class='ocrx_word' id='word_1_829' title='bbox 471 3877 517 3898; x_wconf 90' lang='lat' dir='ltr'>aut</span> <span class='ocrx_word' id='word_1_830' title='bbox 531 3869 649 3899; x_wconf 88' lang='lat' dir='ltr'>aliorum</span> <span class='ocrx_word' id='word_1_831' title='bbox 665 3880 849 3907; x_wconf 91' lang='lat' dir='ltr'>quorumcun</span> <span class='ocrx_word' id='word_1_832' title='bbox 872 3881 925 3910; x_wconf 89' lang='lat' dir='ltr'>ue,</span> <span class='ocrx_word' id='word_1_833' title='bbox 943 3870 988 3902; x_wconf 91' lang='lat' dir='ltr'>seu</span> <span class='ocrx_word' id='word_1_834' title='bbox 1001 3880 1051 3910; x_wconf 90' lang='lat' dir='ltr'>per</span> <span class='ocrx_word' id='word_1_835' title='bbox 1069 3872 1138 3903; x_wconf 85' lang='lat' dir='ltr'>alios</span> <span class='ocrx_word' id='word_1_836' title='bbox 1153 3871 1304 3904; x_wconf 90' lang='lat' dir='ltr'>Ministros</span> <span class='ocrx_word' id='word_1_837' title='bbox 1319 3883 1368 3906; x_wconf 89' lang='lat' dir='ltr'>aut</span> 
     </span>
     <span class='ocr_line' id='line_1_104' title="bbox 311 3903 1366 3951; baseline 0.008 -17"><span class='ocrx_word' id='word_1_838' title='bbox 311 3903 431 3935; x_wconf 84' lang='lat' dir='ltr'>Ballivos</span> <span class='ocrx_word' id='word_1_839' title='bbox 446 3905 559 3948; x_wconf 35' lang='lat' dir='ltr'>‚nostros</span> <span class='ocrx_word' id='word_1_840' title='bbox 580 3908 794 3951; x_wconf 41' lang='lat' dir='ltr'>v-el&#39;Heredum</span> <span class='ocrx_word' id='word_1_841' title='bbox 812 3919 852 3939; x_wconf 90' lang='lat' dir='ltr'>no</span> <span class='ocrx_word' id='word_1_842' title='bbox 880 3920 998 3949; x_wconf 85' lang='lat' dir='ltr'>rorum,</span> <span class='ocrx_word' id='word_1_843' title='bbox 1013 3918 1061 3941; x_wconf 85' lang='lat' dir='ltr'>aut</span> <span class='ocrx_word' id='word_1_844' title='bbox 1082 3910 1193 3942; x_wconf 81' lang='lat' dir='ltr'>alterius</span> <span class='ocrx_word' id='word_1_845' title='bbox 1215 3912 1366 3951; x_wconf 87' lang='lat' dir='ltr'>cujuscun-</span> 
     </span>
     <span class='ocr_line' id='line_1_105' title="bbox 308 3948 1365 3990; baseline 0.01 -18"><span class='ocrx_word' id='word_1_846' title='bbox 308 3950 386 3981; x_wconf 76' lang='lat' dir='ltr'>que,</span> <span class='ocrx_word' id='word_1_847' title='bbox 404 3951 559 3981; x_wconf 80' lang='lat' dir='ltr'>quicquam</span> <span class='ocrx_word' id='word_1_848' title='bbox 566 3953 684 3975; x_wconf 76' lang='lat' dir='ltr'>minime</span> <span class='ocrx_word' id='word_1_849' title='bbox 699 3948 823 3984; x_wconf 80' lang='lat' dir='ltr'>capiatur</span> <span class='ocrx_word' id='word_1_850' title='bbox 835 3948 992 3981; x_wconf 79' lang='lat' dir='ltr'>abducatur</span> <span class='ocrx_word' id='word_1_851' title='bbox 1012 3948 1059 3981; x_wconf 88' lang='lat' dir='ltr'>vel</span> <span class='ocrx_word' id='word_1_852' title='bbox 1076 3949 1229 3989; x_wconf 85' lang='lat' dir='ltr'>aliqualiter</span> <span class='ocrx_word' id='word_1_853' title='bbox 1242 3950 1365 3990; x_wconf 86' lang='lat' dir='ltr'>asporte-</span> 
     </span>
    </p>
   </div>
   <div class='ocr_carea' id='block_1_12' title="bbox 104 41 1719 173">
    <p class='ocr_par' dir='ltr' id='par_1_17' title="bbox 104 41 1719 173">
     <span class='ocr_line' id='line_1_106' title="bbox 646 41 1526 94; baseline -0.007 -6"><span class='ocrx_word' id='word_1_854' title='bbox 646 41 1526 94; x_wconf 84' lang='lat' dir='ltr'>·CONVENT10NES‚</span> 
     </span>
     <span class='ocr_line' id='line_1_107' title="bbox 104 126 1719 173; baseline -0.006 -3"><span class='ocrx_word' id='word_1_855' title='bbox 104 138 181 173; x_wconf 76' lang='lat' dir='ltr'>Ann.</span> <span class='ocrx_word' id='word_1_856' title='bbox 196 139 236 168; x_wconf 90' lang='lat' dir='ltr'>D.</span> <span class='ocrx_word' id='word_1_857' title='bbox 257 149 287 170; x_wconf 88' lang='lat' dir='ltr'>as</span> <span class='ocrx_word' id='word_1_858' title='bbox 302 146 333 169; x_wconf 90' lang='lat' dir='ltr'>to</span> <span class='ocrx_word' id='word_1_859' title='bbox 349 136 396 168; x_wconf 85' lang='lat' dir='ltr'>the</span> <span class='ocrx_word' id='word_1_860' title='bbox 411 134 465 166; x_wconf 87' lang='lat' dir='ltr'>said</span> <span class='ocrx_word' id='word_1_861' title='bbox 478 133 560 172; x_wconf 84' lang='lat' dir='ltr'>John</span> <span class='ocrx_word' id='word_1_862' title='bbox 576 131 716 172; x_wconf 78' lang='lat' dir='ltr'>Harrifim</span> <span class='ocrx_word' id='word_1_863' title='bbox 730 133 760 163; x_wconf 85' lang='lat' dir='ltr'>in</span> <span class='ocrx_word' id='word_1_864' title='bbox 773 133 828 173; x_wconf 81' lang='lat' dir='ltr'>hys</span> <span class='ocrx_word' id='word_1_865' title='bbox 841 132 921 172; x_wconf 87' lang='lat' dir='ltr'>good</span> <span class='ocrx_word' id='word_1_866' title='bbox 941 131 1106 164; x_wconf 89' lang='lat' dir='ltr'>Discretion</span> <span class='ocrx_word' id='word_1_867' title='bbox 1122 130 1192 162; x_wconf 82' lang='lat' dir='ltr'>shall</span> <span class='ocrx_word' id='word_1_868' title='bbox 1206 131 1245 162; x_wconf 85' lang='lat' dir='ltr'>be</span> <span class='ocrx_word' id='word_1_869' title='bbox 1265 130 1326 162; x_wconf 87' lang='lat' dir='ltr'>hel·</span> <span class='ocrx_word' id='word_1_870' title='bbox 1367 136 1517 159; x_wconf 83' lang='lat' dir='ltr'>trouverez</span> <span class='ocrx_word' id='word_1_871' title='bbox 1532 126 1557 158; x_wconf 90' lang='lat' dir='ltr'>Ie</span> <span class='ocrx_word' id='word_1_872' title='bbox 1565 127 1627 167; x_wconf 81' lang='lat' dir='ltr'>plus</span> <span class='ocrx_word' id='word_1_873' title='bbox 1641 129 1719 160; x_wconf 82' lang='lat' dir='ltr'>utile.</span> 
     </span>
    </p>
   </div>
   <div class='ocr_carea' id='block_1_13' title="bbox 1359 900 2104 947">
    <p class='ocr_par' dir='ltr' id='par_1_18' title="bbox 1359 900 2104 947">
     <span class='ocr_line' id='line_1_108' title="bbox 1359 900 2104 947; baseline 0.008 -16"><span class='ocrx_word' id='word_1_874' title='bbox 1359 900 1474 940; x_wconf 69' lang='lat' dir='ltr'>flvmmes</span> <span class='ocrx_word' id='word_1_875' title='bbox 1483 912 1537 942; x_wconf 82' lang='lat' dir='ltr'>pas</span> <span class='ocrx_word' id='word_1_876' title='bbox 1551 902 1619 942; x_wconf 85' lang='lat' dir='ltr'>auffi</span> <span class='ocrx_word' id='word_1_877' title='bbox 1627 904 1743 944; x_wconf 83' lang='lat' dir='ltr'>sinceres</span> <span class='ocrx_word' id='word_1_878' title='bbox 1757 917 1809 947; x_wconf 81' lang='lat' dir='ltr'>que</span> <span class='ocrx_word' id='word_1_879' title='bbox 1821 917 1886 936; x_wconf 82' lang='lat' dir='ltr'>nous</span> <span class='ocrx_word' id='word_1_880' title='bbox 1901 917 1934 936; x_wconf 86' lang='lat' dir='ltr'>en</span> <span class='ocrx_word' id='word_1_881' title='bbox 1939 906 2050 946; x_wconf 75' lang='lat' dir='ltr'>faifims</span> <span class='ocrx_word' id='word_1_882' title='bbox 2055 917 2104 946; x_wconf 87' lang='lat' dir='ltr'>pro</span> 
     </span>
    </p>
   </div>
   <div class='ocr_carea' id='block_1_14' title="bbox 1589 42 1977 95">
    <p class='ocr_par' dir='ltr' id='par_1_19' title="bbox 1589 42 1977 95">
     <span class='ocr_line' id='line_1_109' title="bbox 1589 42 1977 95; baseline 0.005 -12"><span class='ocrx_word' id='word_1_883' title='bbox 1589 42 1977 95; x_wconf 85' lang='lat' dir='ltr'>LITERAE,</span> 
     </span>
    </p>
   </div>
   <div class='ocr_carea' id='block_1_15' title="bbox 1361 281 2428 325">
    <p class='ocr_par' dir='ltr' id='par_1_20' title="bbox 1361 281 2428 325">
     <span class='ocr_line' id='line_1_110' title="bbox 1361 281 2428 325; baseline 0.007 -14"><span class='ocrx_word' id='word_1_884' title='bbox 1361 282 1433 319; x_wconf 86' lang='lat' dir='ltr'>Jean</span> <span class='ocrx_word' id='word_1_885' title='bbox 1448 281 1582 313; x_wconf 83' lang='lat' dir='ltr'>Harrison</span> <span class='ocrx_word' id='word_1_886' title='bbox 1598 285 1629 314; x_wconf 87' lang='lat' dir='ltr'>de</span> <span class='ocrx_word' id='word_1_887' title='bbox 1646 284 1815 324; x_wconf 75' lang='lat' dir='ltr'>transporter</span> <span class='ocrx_word' id='word_1_888' title='bbox 1824 284 1863 321; x_wconf 64' lang='grc' dir='ltr'>ὠ·</span> <span class='ocrx_word' id='word_1_889' title='bbox 1877 285 1909 315; x_wconf 87' lang='lat' dir='ltr'>de</span> <span class='ocrx_word' id='word_1_890' title='bbox 1918 285 2036 323; x_wconf 80' lang='lat' dir='ltr'>prendre</span> <span class='ocrx_word' id='word_1_891' title='bbox 2049 286 2067 314; x_wconf 63' lang='lat' dir='ltr'>a*</span> <span class='ocrx_word' id='word_1_892' title='bbox 2083 284 2150 314; x_wconf 82' lang='lat' dir='ltr'>bord</span> <span class='ocrx_word' id='word_1_893' title='bbox 2161 284 2197 314; x_wconf 84' lang='lat' dir='ltr'>du</span> <span class='ocrx_word' id='word_1_894' title='bbox 2204 287 2326 325; x_wconf 66' lang='lat' dir='ltr'>Varffimu</span> <span class='ocrx_word' id='word_1_895' title='bbox 2337 286 2350 316; x_wconf 81' lang='lat' dir='ltr'><em>l</em></span> <span class='ocrx_word' id='word_1_896' title='bbox 2356 286 2428 318; x_wconf 88' lang='lat' dir='ltr'>&#39;Arc</span> 
     </span>
    </p>
   </div>
   <div class='ocr_carea' id='block_1_16' title="bbox 1364 319 2430 556">
    <p class='ocr_par' dir='ltr' id='par_1_21' title="bbox 1364 319 2430 556">
     <span class='ocr_line' id='line_1_111' title="bbox 1365 319 2430 365; baseline 0.006 -15"><span class='ocrx_word' id='word_1_897' title='bbox 1365 330 1403 351; x_wconf 87' lang='lat' dir='ltr'>en</span> <span class='ocrx_word' id='word_1_898' title='bbox 1417 319 1499 358; x_wconf 87' lang='lat' dir='ltr'>Ciel,</span> <span class='ocrx_word' id='word_1_899' title='bbox 1509 321 1562 360; x_wconf 74' lang='lat' dir='ltr'>fiaer</span> <span class='ocrx_word' id='word_1_900' title='bbox 1576 322 1665 364; x_wconf 78' lang='lat' dir='ltr'>lequel</span> <span class='ocrx_word' id='word_1_901' title='bbox 1676 322 1743 353; x_wconf 82' lang='lat' dir='ltr'>ledit</span> <span class='ocrx_word' id='word_1_902' title='bbox 1753 323 1824 362; x_wconf 90' lang='lat' dir='ltr'>Jean</span> <span class='ocrx_word' id='word_1_903' title='bbox 1833 324 1968 354; x_wconf 85' lang='lat' dir='ltr'>Harrison</span> <span class='ocrx_word' id='word_1_904' title='bbox 1983 324 2038 354; x_wconf 86' lang='lat' dir='ltr'>doit</span> <span class='ocrx_word' id='word_1_905' title='bbox 2053 322 2168 353; x_wconf 82' lang='lat' dir='ltr'>s&#39;embar</span> <span class='ocrx_word' id='word_1_906' title='bbox 2187 334 2252 362; x_wconf 79' lang='lat' dir='ltr'>uer,</span> <span class='ocrx_word' id='word_1_907' title='bbox 2268 330 2430 365; x_wconf 78' lang='lat' dir='ltr'>quatrepie-</span> 
     </span>
     <span class='ocr_line' id='line_1_112' title="bbox 1364 359 2429 402; baseline 0.006 -15"><span class='ocrx_word' id='word_1_908' title='bbox 1364 370 1405 388; x_wconf 85' lang='lat' dir='ltr'>ces</span> <span class='ocrx_word' id='word_1_909' title='bbox 1415 359 1448 388; x_wconf 79' lang='lat' dir='ltr'>de</span> <span class='ocrx_word' id='word_1_910' title='bbox 1462 371 1548 390; x_wconf 83' lang='lat' dir='ltr'>canon</span> <span class='ocrx_word' id='word_1_911' title='bbox 1556 361 1588 390; x_wconf 90' lang='lat' dir='ltr'>de</span> <span class='ocrx_word' id='word_1_912' title='bbox 1601 363 1678 401; x_wconf 74' lang='lat' dir='ltr'>fonte</span> <span class='ocrx_word' id='word_1_913' title='bbox 1687 386 1696 401; x_wconf 82' lang='lat'>‚</span> <span class='ocrx_word' id='word_1_914' title='bbox 1716 361 1754 397; x_wconf 58' lang='grc' dir='ltr'>(ἐν</span> <span class='ocrx_word' id='word_1_915' title='bbox 1764 364 1836 394; x_wconf 80' lang='lat' dir='ltr'>deux</span> <span class='ocrx_word' id='word_1_916' title='bbox 1852 363 1885 392; x_wconf 84' lang='lat' dir='ltr'>de</span> <span class='ocrx_word' id='word_1_917' title='bbox 1889 362 1956 402; x_wconf 79' lang='lat' dir='ltr'>fer,</span> <span class='ocrx_word' id='word_1_918' title='bbox 1964 373 2034 393; x_wconf 79' lang='lat' dir='ltr'>avec</span> <span class='ocrx_word' id='word_1_919' title='bbox 2047 362 2119 392; x_wconf 84' lang='lat' dir='ltr'>leurs</span> <span class='ocrx_word' id='word_1_920' title='bbox 2132 373 2150 391; x_wconf 88' lang='lat' dir='ltr'>a</span> <span class='ocrx_word' id='word_1_921' title='bbox 2191 369 2217 391; x_wconf 89' lang='lat' dir='ltr'>ts</span> <span class='ocrx_word' id='word_1_922' title='bbox 2229 361 2268 396; x_wconf 73' lang='lat'>&amp;⁴</span> <span class='ocrx_word' id='word_1_923' title='bbox 2281 363 2314 392; x_wconf 84' lang='lat' dir='ltr'>de</span> <span class='ocrx_word' id='word_1_924' title='bbox 2327 363 2355 394; x_wconf 80' lang='lat' dir='ltr'>la</span> <span class='ocrx_word' id='word_1_925' title='bbox 2362 373 2429 402; x_wconf 76' lang='lat' dir='ltr'>pou-</span> 
     </span>
     <span class='ocr_line' id='line_1_113' title="bbox 1364 397 2412 440; baseline 0.007 -14"><span class='ocrx_word' id='word_1_926' title='bbox 1364 397 1411 427; x_wconf 81' lang='lat' dir='ltr'>dre</span> <span class='ocrx_word' id='word_1_927' title='bbox 1427 397 1464 433; x_wconf 78' lang='lat'><em>&amp;</em></span> <span class='ocrx_word' id='word_1_928' title='bbox 1480 399 1525 428; x_wconf 84' lang='lat' dir='ltr'>des</span> <span class='ocrx_word' id='word_1_929' title='bbox 1538 399 1639 431; x_wconf 79' lang='lat' dir='ltr'>boulets</span> <span class='ocrx_word' id='word_1_930' title='bbox 1661 401 1679 430; x_wconf 76' lang='grc' dir='ltr'><em>ἃ</em></span> <span class='ocrx_word' id='word_1_931' title='bbox 1691 404 1846 440; x_wconf 83' lang='lat' dir='ltr'>proportion</span> <span class='ocrx_word' id='word_1_932' title='bbox 1861 402 1897 430; x_wconf 85' lang='lat' dir='ltr'>du</span> <span class='ocrx_word' id='word_1_933' title='bbox 1908 402 2016 431; x_wconf 86' lang='lat' dir='ltr'>nombre</span> <span class='ocrx_word' id='word_1_934' title='bbox 2037 401 2071 431; x_wconf 89' lang='lat' dir='ltr'>de</span> <span class='ocrx_word' id='word_1_935' title='bbox 2087 411 2126 431; x_wconf 79' lang='lat' dir='ltr'>ces</span> <span class='ocrx_word' id='word_1_936' title='bbox 2143 403 2228 439; x_wconf 80' lang='lat' dir='ltr'>pieces</span> <span class='ocrx_word' id='word_1_937' title='bbox 2248 401 2412 433; x_wconf 78' lang='lat' dir='ltr'>d’artillerie</span> 
     </span>
     <span class='ocr_line' id='line_1_114' title="bbox 1367 425 2430 482; baseline 0.007 -17"><span class='ocrx_word' id='word_1_938' title='bbox 1367 432 1406 470; x_wconf 58' lang='grc' dir='ltr'><strong><em>ὠ</em></strong></span> <span class='ocrx_word' id='word_1_939' title='bbox 1416 444 1476 482; x_wconf 61' lang='lat' dir='ltr'>cenf</span> <span class='ocrx_word' id='word_1_940' title='bbox 1488 441 1633 479; x_wconf 83' lang='lat' dir='ltr'>cinquante</span> <span class='ocrx_word' id='word_1_941' title='bbox 1642 443 1737 480; x_wconf 62' lang='lat' dir='ltr'>pf&#39;ques</span> <span class='ocrx_word' id='word_1_942' title='bbox 1750 438 1918 479; x_wconf 80' lang='lat' dir='ltr'>d’Espagne,</span> <span class='ocrx_word' id='word_1_943' title='bbox 1933 439 1972 475; x_wconf 69' lang='grc' dir='ltr'>ό·</span> <span class='ocrx_word' id='word_1_944' title='bbox 1987 440 2020 469; x_wconf 86' lang='lat' dir='ltr'>de</span> <span class='ocrx_word' id='word_1_945' title='bbox 2035 439 2073 470; x_wconf 83' lang='lat' dir='ltr'>les</span> <span class='ocrx_word' id='word_1_946' title='bbox 2083 439 2188 469; x_wconf 83' lang='lat' dir='ltr'>donner</span> <span class='ocrx_word' id='word_1_947' title='bbox 2202 437 2240 473; x_wconf 63' lang='grc' dir='ltr'>ὀ·</span> <span class='ocrx_word' id='word_1_948' title='bbox 2255 439 2396 478; x_wconf 71' lang='lat' dir='ltr'>distribuer</span> <span class='ocrx_word' id='word_1_949' title='bbox 2409 425 2430 472; x_wconf 51' lang='lat' dir='ltr'><em>S</em></span> 
     </span>
     <span class='ocr_line' id='line_1_115' title="bbox 1367 477 2430 519; baseline 0.003 -12"><span class='ocrx_word' id='word_1_950' title='bbox 1367 485 1407 504; x_wconf 81' lang='lat' dir='ltr'>ces</span> <span class='ocrx_word' id='word_1_951' title='bbox 1422 477 1500 514; x_wconf 76' lang='lat' dir='ltr'>Rors,</span> <span class='ocrx_word' id='word_1_952' title='bbox 1518 480 1629 508; x_wconf 85' lang='lat' dir='ltr'>Princes</span> <span class='ocrx_word' id='word_1_953' title='bbox 1643 477 1681 512; x_wconf 60' lang='grc' dir='ltr'>ῤ’</span> <span class='ocrx_word' id='word_1_954' title='bbox 1697 483 1904 516; x_wconf 85' lang='lat' dir='ltr'>Gouverneurs,</span> <span class='ocrx_word' id='word_1_955' title='bbox 1918 477 1993 516; x_wconf 63' lang='lat' dir='ltr'>[blan</span> <span class='ocrx_word' id='word_1_956' title='bbox 2006 490 2056 519; x_wconf 82' lang='lat' dir='ltr'>que</span> <span class='ocrx_word' id='word_1_957' title='bbox 2070 477 2194 519; x_wconf 72' lang='lat' dir='ltr'>leffifiiit</span> <span class='ocrx_word' id='word_1_958' title='bbox 2205 477 2277 516; x_wconf 88' lang='lat' dir='ltr'>Jean</span> <span class='ocrx_word' id='word_1_959' title='bbox 2291 477 2430 510; x_wconf 85' lang='lat' dir='ltr'>Harrison</span> 
     </span>
     <span class='ocr_line' id='line_1_116' title="bbox 1374 511 1954 556; baseline 0.005 -14"><span class='ocrx_word' id='word_1_960' title='bbox 1374 511 1399 542; x_wconf 84' lang='lat' dir='ltr'>le</span> <span class='ocrx_word' id='word_1_961' title='bbox 1408 524 1510 552; x_wconf 71' lang='lat' dir='ltr'>jugera</span> <span class='ocrx_word' id='word_1_962' title='bbox 1525 514 1551 546; x_wconf 86' lang='lat' dir='ltr'>le</span> <span class='ocrx_word' id='word_1_963' title='bbox 1559 516 1622 555; x_wconf 80' lang='lat' dir='ltr'>plus</span> <span class='ocrx_word' id='word_1_964' title='bbox 1633 516 1702 548; x_wconf 78' lang='lat' dir='ltr'>utile</span> <span class='ocrx_word' id='word_1_965' title='bbox 1714 518 1734 545; x_wconf 73' lang='lat' dir='ltr'>a</span> <span class='ocrx_word' id='word_1_966' title='bbox 1748 525 1827 547; x_wconf 79' lang='lat' dir='ltr'>notre</span> <span class='ocrx_word' id='word_1_967' title='bbox 1834 516 1954 556; x_wconf 67' lang='lat' dir='ltr'>service.</span> 
     </span>
    </p>
   </div>
   <div class='ocr_carea' id='block_1_17' title="bbox 1364 710 2433 1177">
    <p class='ocr_par' dir='ltr' id='par_1_22' title="bbox 1365 710 2433 946">
     <span class='ocr_line' id='line_1_117' title="bbox 1400 710 2431 754; baseline 0.003 -14"><span class='ocrx_word' id='word_1_968' title='bbox 1400 712 1445 741; x_wconf 86' lang='lat' dir='ltr'>Et</span> <span class='ocrx_word' id='word_1_969' title='bbox 1457 710 1489 740; x_wconf 85' lang='lat' dir='ltr'>de</span> <span class='ocrx_word' id='word_1_970' title='bbox 1503 714 1612 742; x_wconf 83' lang='lat' dir='ltr'>crainte</span> <span class='ocrx_word' id='word_1_971' title='bbox 1624 723 1675 754; x_wconf 87' lang='lat' dir='ltr'>que</span> <span class='ocrx_word' id='word_1_972' title='bbox 1685 712 1875 754; x_wconf 79' lang='lat' dir='ltr'>quelques-uns</span> <span class='ocrx_word' id='word_1_973' title='bbox 1889 713 1921 743; x_wconf 86' lang='lat' dir='ltr'>de</span> <span class='ocrx_word' id='word_1_974' title='bbox 1932 723 1980 743; x_wconf 76' lang='lat' dir='ltr'>nos</span> <span class='ocrx_word' id='word_1_975' title='bbox 1986 720 2096 752; x_wconf 87' lang='lat' dir='ltr'>propres</span> <span class='ocrx_word' id='word_1_976' title='bbox 2107 711 2197 750; x_wconf 78' lang='lat' dir='ltr'>Sujets</span> <span class='ocrx_word' id='word_1_977' title='bbox 2212 723 2246 743; x_wconf 78' lang='lat' dir='ltr'>ne</span> <span class='ocrx_word' id='word_1_978' title='bbox 2260 715 2395 743; x_wconf 76' lang='lat' dir='ltr'>viennent</span> <span class='ocrx_word' id='word_1_979' title='bbox 2409 711 2431 744; x_wconf 63' lang='grc' dir='ltr'><em>ἃ</em></span> 
     </span>
     <span class='ocr_line' id='line_1_118' title="bbox 1366 750 2429 791; baseline 0.006 -14"><span class='ocrx_word' id='word_1_980' title='bbox 1366 756 1519 779; x_wconf 82' lang='lat' dir='ltr'>commettre</span> <span class='ocrx_word' id='word_1_981' title='bbox 1531 750 1656 791; x_wconf 81' lang='lat' dir='ltr'>quelques</span> <span class='ocrx_word' id='word_1_982' title='bbox 1667 752 1741 781; x_wconf 66' lang='lat' dir='ltr'>acles</span> <span class='ocrx_word' id='word_1_983' title='bbox 1753 752 1816 782; x_wconf 81' lang='lat' dir='ltr'>d&#39;ho</span> <span class='ocrx_word' id='word_1_984' title='bbox 1838 751 1912 782; x_wconf 78' lang='lat' dir='ltr'>ilite&#39;s</span> <span class='ocrx_word' id='word_1_985' title='bbox 1922 759 2013 782; x_wconf 84' lang='lat' dir='ltr'>contre</span> <span class='ocrx_word' id='word_1_986' title='bbox 2029 761 2068 781; x_wconf 80' lang='lat' dir='ltr'>ces</span> <span class='ocrx_word' id='word_1_987' title='bbox 2081 752 2162 789; x_wconf 85' lang='lat' dir='ltr'>Rois,</span> <span class='ocrx_word' id='word_1_988' title='bbox 2179 752 2290 781; x_wconf 81' lang='lat' dir='ltr'>Princer</span> <span class='ocrx_word' id='word_1_989' title='bbox 2309 763 2341 781; x_wconf 89' lang='lat' dir='ltr'>ou</span> <span class='ocrx_word' id='word_1_990' title='bbox 2353 755 2429 783; x_wconf 85' lang='lat' dir='ltr'>Gou—</span> 
     </span>
     <span class='ocr_line' id='line_1_119' title="bbox 1366 789 2432 831; baseline 0.006 -17"><span class='ocrx_word' id='word_1_991' title='bbox 1366 796 1496 829; x_wconf 67' lang='lat' dir='ltr'>verneurs</span> <span class='ocrx_word' id='word_1_992' title='bbox 1508 790 1633 826; x_wconf 78' lang='lat' dir='ltr'>pendant</span> <span class='ocrx_word' id='word_1_993' title='bbox 1664 802 1695 820; x_wconf 86' lang='lat' dir='ltr'>ue</span> <span class='ocrx_word' id='word_1_994' title='bbox 1708 789 1765 820; x_wconf 81' lang='lat' dir='ltr'>l&#39;on</span> <span class='ocrx_word' id='word_1_995' title='bbox 1788 793 1815 831; x_wconf 76' lang='lat' dir='ltr'>es</span> <span class='ocrx_word' id='word_1_996' title='bbox 1846 802 1881 821; x_wconf 86' lang='lat' dir='ltr'>en</span> <span class='ocrx_word' id='word_1_997' title='bbox 1898 794 2001 821; x_wconf 73' lang='lat' dir='ltr'>Traite‘</span> <span class='ocrx_word' id='word_1_998' title='bbox 2009 801 2079 820; x_wconf 83' lang='lat' dir='ltr'>avec</span> <span class='ocrx_word' id='word_1_999' title='bbox 2100 800 2172 827; x_wconf 83' lang='lat' dir='ltr'>eux,</span> <span class='ocrx_word' id='word_1_1000' title='bbox 2189 800 2222 819; x_wconf 86' lang='lat' dir='ltr'>ou</span> <span class='ocrx_word' id='word_1_1001' title='bbox 2249 798 2342 820; x_wconf 82' lang='lat' dir='ltr'>contre</span> <span class='ocrx_word' id='word_1_1002' title='bbox 2358 790 2432 820; x_wconf 78' lang='lat' dir='ltr'>leurs</span> 
     </span>
     <span class='ocr_line' id='line_1_120' title="bbox 1366 801 2433 869; baseline 0.005 -16"><span class='ocrx_word' id='word_1_1003' title='bbox 1366 827 1474 864; x_wconf 79' lang='lat' dir='ltr'>SuJets,</span> <span class='ocrx_word' id='word_1_1004' title='bbox 1491 836 1524 856; x_wconf 88' lang='lat' dir='ltr'>ou</span> <span class='ocrx_word' id='word_1_1005' title='bbox 1539 835 1630 857; x_wconf 86' lang='lat' dir='ltr'>contre</span> <span class='ocrx_word' id='word_1_1006' title='bbox 1641 801 1680 858; x_wconf 58' lang='lat'>25</span> <span class='ocrx_word' id='word_1_1007' title='bbox 1693 828 1826 860; x_wconf 83' lang='lat' dir='ltr'>habitans</span> <span class='ocrx_word' id='word_1_1008' title='bbox 1834 830 1866 859; x_wconf 76' lang='lat' dir='ltr'>de</span> <span class='ocrx_word' id='word_1_1009' title='bbox 1880 841 1919 859; x_wconf 86' lang='lat' dir='ltr'>ces</span> <span class='ocrx_word' id='word_1_1010' title='bbox 1928 829 2040 869; x_wconf 62' lang='lat' dir='ltr'>pays-ld</span> <span class='ocrx_word' id='word_1_1011' title='bbox 2052 839 2085 858; x_wconf 87' lang='lat' dir='ltr'>ou</span> <span class='ocrx_word' id='word_1_1012' title='bbox 2095 828 2126 857; x_wconf 84' lang='lat' dir='ltr'>de</span> <span class='ocrx_word' id='word_1_1013' title='bbox 2137 827 2210 858; x_wconf 85' lang='lat' dir='ltr'>leurs</span> <span class='ocrx_word' id='word_1_1014' title='bbox 2223 831 2252 858; x_wconf 90' lang='lat' dir='ltr'><em>V</em></span> <span class='ocrx_word' id='word_1_1015' title='bbox 2252 827 2311 858; x_wconf 75' lang='lat' dir='ltr'>illes</span> <span class='ocrx_word' id='word_1_1016' title='bbox 2323 840 2356 858; x_wconf 86' lang='lat' dir='ltr'>ou</span> <span class='ocrx_word' id='word_1_1017' title='bbox 2363 833 2433 859; x_wconf 88' lang='lat' dir='ltr'>Ter-</span> 
     </span>
     <span class='ocr_line' id='line_1_121' title="bbox 1365 865 2432 946; baseline 0.006 -54"><span class='ocrx_word' id='word_1_1018' title='bbox 1365 866 1490 902; x_wconf 81' lang='lat' dir='ltr'>ritoires,</span> <span class='ocrx_word' id='word_1_1019' title='bbox 1503 873 1558 904; x_wconf 87' lang='lat' dir='ltr'>par</span> <span class='ocrx_word' id='word_1_1020' title='bbox 1572 866 1604 895; x_wconf 67' lang='grc' dir='ltr'>οὺ</span> <span class='ocrx_word' id='word_1_1021' title='bbox 1618 865 1651 895; x_wconf 83' lang='lat' dir='ltr'>ils</span> <span class='ocrx_word' id='word_1_1022' title='bbox 1661 865 1776 905; x_wconf 70' lang='lat' dir='ltr'>puiffent</span> <span class='ocrx_word' id='word_1_1023' title='bbox 1796 867 1981 906; x_wconf 80' lang='lat' dir='ltr'>appre‘hender</span> <span class='ocrx_word' id='word_1_1024' title='bbox 2004 879 2035 897; x_wconf 89' lang='lat' dir='ltr'>ou</span> <span class='ocrx_word' id='word_1_1025' title='bbox 2051 867 2221 946; x_wconf 42' lang='lat' dir='ltr'>fimfffonner</span> <span class='ocrx_word' id='word_1_1026' title='bbox 2245 879 2296 908; x_wconf 84' lang='lat' dir='ltr'>que</span> <span class='ocrx_word' id='word_1_1027' title='bbox 2316 878 2383 898; x_wconf 85' lang='lat' dir='ltr'>nous</span> <span class='ocrx_word' id='word_1_1028' title='bbox 2395 879 2432 898; x_wconf 82' lang='lat' dir='ltr'>ne</span> 
     </span>
    </p>

    <p class='ocr_par' dir='ltr' id='par_1_23' title="bbox 2120 917 2213 936">
     <span class='ocr_line' id='line_1_122' title="bbox 2120 917 2213 936; baseline 0.022 -2"><span class='ocrx_word' id='word_1_1029' title='bbox 2120 917 2133 934; x_wconf 74' lang='grc' dir='ltr'><em>θ</em></span> <span class='ocrx_word' id='word_1_1030' title='bbox 2151 917 2196 936; x_wconf 76' lang='lat' dir='ltr'>lon</span> <span class='ocrx_word' id='word_1_1031' title='bbox 2207 918 2213 923; x_wconf 84' lang='lat'>&#39;</span> 
     </span>
    </p>

    <p class='ocr_par' dir='ltr' id='par_1_24' title="bbox 1364 930 2432 1177">
     <span class='ocr_line' id='line_1_123' title="bbox 1402 930 2432 985; baseline 0.005 -15"><span class='ocrx_word' id='word_1_1032' title='bbox 1402 942 1482 970; x_wconf 82' lang='lat' dir='ltr'>Nous</span> <span class='ocrx_word' id='word_1_1033' title='bbox 1495 942 1609 972; x_wconf 81' lang='lat' dir='ltr'>voulons</span> <span class='ocrx_word' id='word_1_1034' title='bbox 1625 942 1664 977; x_wconf 66' lang='grc' dir='ltr'>ὠν</span> <span class='ocrx_word' id='word_1_1035' title='bbox 1685 953 1749 973; x_wconf 77' lang='lat' dir='ltr'>nous</span> <span class='ocrx_word' id='word_1_1036' title='bbox 1769 946 1920 975; x_wconf 80' lang='lat' dir='ltr'>ordonnons</span> <span class='ocrx_word' id='word_1_1037' title='bbox 1936 945 2127 984; x_wconf 69' lang='lat' dir='ltr'>expreffe&#39;ment</span> <span class='ocrx_word' id='word_1_1038' title='bbox 2143 930 2247 984; x_wconf 65' lang='lat' dir='ltr'>par’la</span> <span class='ocrx_word' id='word_1_1039' title='bbox 2287 945 2392 985; x_wconf 65' lang='lat' dir='ltr'>ressnte</span> <span class='ocrx_word' id='word_1_1040' title='bbox 2411 948 2432 979; x_wconf 65' lang='lat' dir='ltr'>a*</span> 
     </span>
     <span class='ocr_line' id='line_1_124' title="bbox 1367 981 2432 1019; baseline 0.005 -10"><span class='ocrx_word' id='word_1_1041' title='bbox 1367 987 1427 1010; x_wconf 83' lang='lat' dir='ltr'>tous</span> <span class='ocrx_word' id='word_1_1042' title='bbox 1439 991 1487 1010; x_wconf 81' lang='lat' dir='ltr'>nos</span> <span class='ocrx_word' id='word_1_1043' title='bbox 1500 983 1590 1019; x_wconf 79' lang='lat' dir='ltr'>Sujets</span> <span class='ocrx_word' id='word_1_1044' title='bbox 1622 981 1681 1011; x_wconf 82' lang='lat' dir='ltr'>u’ils</span> <span class='ocrx_word' id='word_1_1045' title='bbox 1694 991 1775 1019; x_wconf 77' lang='lat' dir='ltr'>ayent</span> <span class='ocrx_word' id='word_1_1046' title='bbox 1789 990 1850 1012; x_wconf 67' lang='lat' dir='ltr'>tons</span> <span class='ocrx_word' id='word_1_1047' title='bbox 1863 982 1902 1018; x_wconf 66' lang='grc' dir='ltr'>ό·</span> <span class='ocrx_word' id='word_1_1048' title='bbox 1920 983 2024 1015; x_wconf 77' lang='lat' dir='ltr'>chacun</span> <span class='ocrx_word' id='word_1_1049' title='bbox 2040 984 2061 1013; x_wconf 86' lang='lat' dir='ltr'>d</span> <span class='ocrx_word' id='word_1_1050' title='bbox 2065 985 2128 1015; x_wconf 82' lang='lat' dir='ltr'>&#39;eux</span> <span class='ocrx_word' id='word_1_1051' title='bbox 2150 985 2169 1013; x_wconf 74' lang='grc' dir='ltr'><em>ὰ</em></span> <span class='ocrx_word' id='word_1_1052' title='bbox 2191 984 2248 1014; x_wconf 78' lang='lat' dir='ltr'>s&#39;ab</span> <span class='ocrx_word' id='word_1_1053' title='bbox 2259 986 2331 1014; x_wconf 73' lang='lat' dir='ltr'>tenir</span> <span class='ocrx_word' id='word_1_1054' title='bbox 2353 984 2432 1018; x_wconf 78' lang='lat' dir='ltr'>d⁷at-</span> 
     </span>
     <span class='ocr_line' id='line_1_125' title="bbox 1364 992 2431 1061; baseline 0.008 -13"><span class='ocrx_word' id='word_1_1055' title='bbox 1364 1026 1464 1059; x_wconf 84' lang='lat' dir='ltr'>taquer</span> <span class='ocrx_word' id='word_1_1056' title='bbox 1478 1030 1510 1048; x_wconf 81' lang='lat' dir='ltr'>ou</span> <span class='ocrx_word' id='word_1_1057' title='bbox 1525 992 1675 1060; x_wconf 56' lang='lat' dir='ltr'>d’inszlter</span> <span class='ocrx_word' id='word_1_1058' title='bbox 1695 1031 1735 1050; x_wconf 87' lang='lat' dir='ltr'>ces</span> <span class='ocrx_word' id='word_1_1059' title='bbox 1750 1024 1830 1059; x_wconf 88' lang='lat' dir='ltr'>Rois,</span> <span class='ocrx_word' id='word_1_1060' title='bbox 1850 1023 1957 1052; x_wconf 80' lang='lat' dir='ltr'>Princes</span> <span class='ocrx_word' id='word_1_1061' title='bbox 1970 1033 2002 1052; x_wconf 88' lang='lat' dir='ltr'>ou</span> <span class='ocrx_word' id='word_1_1062' title='bbox 2018 1025 2208 1053; x_wconf 85' lang='lat' dir='ltr'>Gouverneurs</span> <span class='ocrx_word' id='word_1_1063' title='bbox 2218 1046 2227 1061; x_wconf 90' lang='lat'>,</span> <span class='ocrx_word' id='word_1_1064' title='bbox 2243 1027 2273 1053; x_wconf 83' lang='lat' dir='ltr'>ni</span> <span class='ocrx_word' id='word_1_1065' title='bbox 2285 1023 2358 1054; x_wconf 80' lang='lat' dir='ltr'>leurs</span> <span class='ocrx_word' id='word_1_1066' title='bbox 2364 1030 2431 1057; x_wconf 84' lang='lat' dir='ltr'>Ter-</span> 
     </span>
     <span class='ocr_line' id='line_1_126' title="bbox 1366 1057 2430 1101; baseline 0.007 -14"><span class='ocrx_word' id='word_1_1067' title='bbox 1366 1067 1423 1095; x_wconf 85' lang='lat' dir='ltr'>res,</span> <span class='ocrx_word' id='word_1_1068' title='bbox 1441 1057 1603 1097; x_wconf 66' lang='lat' dir='ltr'>Vatffeaux,</span> <span class='ocrx_word' id='word_1_1069' title='bbox 1621 1063 1729 1098; x_wconf 74' lang='lat' dir='ltr'>Sujets,</span> <span class='ocrx_word' id='word_1_1070' title='bbox 1745 1062 1773 1089; x_wconf 88' lang='lat' dir='ltr'>ni</span> <span class='ocrx_word' id='word_1_1071' title='bbox 1785 1071 1872 1090; x_wconf 86' lang='lat' dir='ltr'>aucun</span> <span class='ocrx_word' id='word_1_1072' title='bbox 1889 1061 1920 1090; x_wconf 83' lang='lat' dir='ltr'>de</span> <span class='ocrx_word' id='word_1_1073' title='bbox 1932 1060 2002 1090; x_wconf 81' lang='lat' dir='ltr'>leurs</span> <span class='ocrx_word' id='word_1_1074' title='bbox 2015 1060 2166 1101; x_wconf 81' lang='lat' dir='ltr'>habitans,</span> <span class='ocrx_word' id='word_1_1075' title='bbox 2178 1061 2243 1100; x_wconf 72' lang='lat' dir='ltr'>filus</span> <span class='ocrx_word' id='word_1_1076' title='bbox 2254 1064 2382 1100; x_wconf 78' lang='lat' dir='ltr'>pre‘texte</span> <span class='ocrx_word' id='word_1_1077' title='bbox 2397 1066 2430 1095; x_wconf 80' lang='lat' dir='ltr'>de</span> 
     </span>
     <span class='ocr_line' id='line_1_127' title="bbox 1367 1096 2431 1144; baseline 0.008 -19"><span class='ocrx_word' id='word_1_1078' title='bbox 1367 1096 1479 1138; x_wconf 81' lang='lat' dir='ltr'>quelque</span> <span class='ocrx_word' id='word_1_1079' title='bbox 1491 1097 1655 1138; x_wconf 84' lang='lat' dir='ltr'>Commiffion</span> <span class='ocrx_word' id='word_1_1080' title='bbox 1677 1109 1728 1139; x_wconf 85' lang='lat' dir='ltr'>que</span> <span class='ocrx_word' id='word_1_1081' title='bbox 1749 1110 1814 1129; x_wconf 80' lang='lat' dir='ltr'>nous</span> <span class='ocrx_word' id='word_1_1082' title='bbox 1827 1099 1884 1129; x_wconf 87' lang='lat' dir='ltr'>leur</span> <span class='ocrx_word' id='word_1_1083' title='bbox 1899 1102 2009 1129; x_wconf 69' lang='lat' dir='ltr'>auriens</span> <span class='ocrx_word' id='word_1_1084' title='bbox 2027 1100 2150 1129; x_wconf 64' lang='lat' dir='ltr'>at‘corde‘e</span> <span class='ocrx_word' id='word_1_1085' title='bbox 2169 1100 2314 1132; x_wconf 81' lang='lat' dir='ltr'>ci-devant</span> <span class='ocrx_word' id='word_1_1086' title='bbox 2328 1115 2361 1133; x_wconf 82' lang='lat' dir='ltr'>ou</span> <span class='ocrx_word' id='word_1_1087' title='bbox 2379 1115 2431 1144; x_wconf 76' lang='lat' dir='ltr'>que</span> 
     </span>
     <span class='ocr_line' id='line_1_128' title="bbox 1369 1136 2175 1177; baseline 0.004 -12"><span class='ocrx_word' id='word_1_1088' title='bbox 1369 1146 1436 1166; x_wconf 80' lang='lat' dir='ltr'>nous</span> <span class='ocrx_word' id='word_1_1089' title='bbox 1445 1139 1588 1174; x_wconf 77' lang='lat' dir='ltr'>pourrions</span> <span class='ocrx_word' id='word_1_1090' title='bbox 1603 1136 1662 1167; x_wconf 84' lang='lat' dir='ltr'>leur</span> <span class='ocrx_word' id='word_1_1091' title='bbox 1675 1138 1799 1167; x_wconf 83' lang='lat' dir='ltr'>accorder</span> <span class='ocrx_word' id='word_1_1092' title='bbox 1813 1137 1931 1177; x_wconf 72' lang='lat' dir='ltr'>ci-apres</span> <span class='ocrx_word' id='word_1_1093' title='bbox 1939 1161 1948 1176; x_wconf 87' lang='lat'>,</span> <span class='ocrx_word' id='word_1_1094' title='bbox 1961 1148 1994 1168; x_wconf 86' lang='lat' dir='ltr'>ou</span> <span class='ocrx_word' id='word_1_1095' title='bbox 2007 1145 2175 1169; x_wconf 84' lang='lat' dir='ltr'>autrement.</span> 
     </span>
    </p>
   </div>
   <div class='ocr_carea' id='block_1_18' title="bbox 1364 1212 2436 1605">
    <p class='ocr_par' dir='ltr' id='par_1_25' title="bbox 1364 1212 2436 1605">
     <span class='ocr_line' id='line_1_129' title="bbox 1406 1212 2433 1255; baseline 0.007 -14"><span class='ocrx_word' id='word_1_1096' title='bbox 1406 1213 1449 1241; x_wconf 88' lang='lat' dir='ltr'>Et</span> <span class='ocrx_word' id='word_1_1097' title='bbox 1471 1212 1561 1250; x_wconf 78' lang='lat' dir='ltr'>enfin,</span> <span class='ocrx_word' id='word_1_1098' title='bbox 1594 1223 1642 1243; x_wconf 87' lang='lat' dir='ltr'>our</span> <span class='ocrx_word' id='word_1_1099' title='bbox 1660 1225 1822 1252; x_wconf 83' lang='lat' dir='ltr'>encourager</span> <span class='ocrx_word' id='word_1_1100' title='bbox 1836 1215 1998 1253; x_wconf 84' lang='lat' dir='ltr'>davantage</span> <span class='ocrx_word' id='word_1_1101' title='bbox 2011 1215 2037 1245; x_wconf 85' lang='lat' dir='ltr'>le</span> <span class='ocrx_word' id='word_1_1102' title='bbox 2043 1214 2136 1255; x_wconf 76' lang='lat' dir='ltr'>fiasdit</span> <span class='ocrx_word' id='word_1_1103' title='bbox 2172 1225 2224 1246; x_wconf 85' lang='lat' dir='ltr'>ean</span> <span class='ocrx_word' id='word_1_1104' title='bbox 2240 1215 2376 1249; x_wconf 85' lang='lat' dir='ltr'>Harrison</span> <span class='ocrx_word' id='word_1_1105' title='bbox 2392 1218 2433 1254; x_wconf 72' lang='lat'>&amp;-</span> 
     </span>
     <span class='ocr_line' id='line_1_130' title="bbox 1365 1252 2434 1295; baseline 0.007 -15"><span class='ocrx_word' id='word_1_1106' title='bbox 1365 1263 1432 1281; x_wconf 84' lang='lat' dir='ltr'>ceux</span> <span class='ocrx_word' id='word_1_1107' title='bbox 1446 1256 1491 1290; x_wconf 85' lang='lat' dir='ltr'>qui</span> <span class='ocrx_word' id='word_1_1108' title='bbox 1510 1262 1565 1281; x_wconf 86' lang='lat' dir='ltr'>vou</span> <span class='ocrx_word' id='word_1_1109' title='bbox 1584 1260 1645 1282; x_wconf 82' lang='lat' dir='ltr'>ront</span> <span class='ocrx_word' id='word_1_1110' title='bbox 1660 1252 1878 1292; x_wconf 82' lang='lat' dir='ltr'>l’accompagner</span> <span class='ocrx_word' id='word_1_1111' title='bbox 1891 1255 1961 1283; x_wconf 84' lang='lat' dir='ltr'>dans</span> <span class='ocrx_word' id='word_1_1112' title='bbox 1975 1265 2002 1284; x_wconf 89' lang='lat' dir='ltr'>ce</span> <span class='ocrx_word' id='word_1_1113' title='bbox 2016 1265 2118 1293; x_wconf 81' lang='lat' dir='ltr'>voyage</span> <span class='ocrx_word' id='word_1_1114' title='bbox 2188 1253 2294 1295; x_wconf 45' lang='lat' dir='ltr'>risquer</span> <span class='ocrx_word' id='word_1_1115' title='bbox 2310 1268 2378 1286; x_wconf 84' lang='lat' dir='ltr'>avec</span> <span class='ocrx_word' id='word_1_1116' title='bbox 2393 1259 2434 1288; x_wconf 76' lang='lat' dir='ltr'>lui</span> 
     </span>
     <span class='ocr_line' id='line_1_131' title="bbox 1365 1289 2433 1333; baseline 0.007 -14"><span class='ocrx_word' id='word_1_1117' title='bbox 1365 1289 1437 1320; x_wconf 78' lang='lat' dir='ltr'>leurs</span> <span class='ocrx_word' id='word_1_1118' title='bbox 1453 1289 1652 1330; x_wconf 82' lang='lat' dir='ltr'>marchandises</span> <span class='ocrx_word' id='word_1_1119' title='bbox 1662 1291 1711 1331; x_wconf 71' lang='lat' dir='ltr'>sicr</span> <span class='ocrx_word' id='word_1_1120' title='bbox 1723 1304 1750 1322; x_wconf 84' lang='lat' dir='ltr'>ce</span> <span class='ocrx_word' id='word_1_1121' title='bbox 1763 1295 1893 1329; x_wconf 83' lang='lat' dir='ltr'>Navire‚</span> <span class='ocrx_word' id='word_1_1122' title='bbox 1913 1303 1979 1322; x_wconf 85' lang='lat' dir='ltr'>nous</span> <span class='ocrx_word' id='word_1_1123' title='bbox 1993 1293 2116 1322; x_wconf 86' lang='lat' dir='ltr'>donnons</span> <span class='ocrx_word' id='word_1_1124' title='bbox 2123 1292 2346 1333; x_wconf 79' lang='lat' dir='ltr'>plein—pouvoir,</span> <span class='ocrx_word' id='word_1_1125' title='bbox 2365 1307 2433 1326; x_wconf 74' lang='lat' dir='ltr'>nous</span> 
     </span>
     <span class='ocr_line' id='line_1_132' title="bbox 1364 1328 2433 1372; baseline 0.007 -15"><span class='ocrx_word' id='word_1_1126' title='bbox 1364 1336 1531 1368; x_wconf 81' lang='lat' dir='ltr'>permettons</span> <span class='ocrx_word' id='word_1_1127' title='bbox 1543 1328 1580 1364; x_wconf 64' lang='grc' dir='ltr'>ώ-</span> <span class='ocrx_word' id='word_1_1128' title='bbox 1594 1329 1747 1370; x_wconf 75' lang='lat' dir='ltr'>autorist&#39;ms</span> <span class='ocrx_word' id='word_1_1129' title='bbox 1755 1341 1810 1370; x_wconf 86' lang='lat' dir='ltr'>par</span> <span class='ocrx_word' id='word_1_1130' title='bbox 1823 1331 1852 1361; x_wconf 91' lang='lat' dir='ltr'>la</span> <span class='ocrx_word' id='word_1_1131' title='bbox 1860 1331 1986 1370; x_wconf 70' lang='lat' dir='ltr'>pre‘fi’nte</span> <span class='ocrx_word' id='word_1_1132' title='bbox 2000 1331 2068 1361; x_wconf 85' lang='lat' dir='ltr'>ledit</span> <span class='ocrx_word' id='word_1_1133' title='bbox 2079 1331 2150 1370; x_wconf 88' lang='lat' dir='ltr'>Jean</span> <span class='ocrx_word' id='word_1_1134' title='bbox 2166 1331 2305 1364; x_wconf 74' lang='lat' dir='ltr'>Hatrison</span> <span class='ocrx_word' id='word_1_1135' title='bbox 2316 1356 2326 1372; x_wconf 94' lang='lat'>,</span> <span class='ocrx_word' id='word_1_1136' title='bbox 2344 1333 2433 1364; x_wconf 86' lang='lat' dir='ltr'>Guil-</span> 
     </span>
     <span class='ocr_line' id='line_1_133' title="bbox 1371 1367 2433 1408; baseline 0.005 -10"><span class='ocrx_word' id='word_1_1137' title='bbox 1371 1369 1465 1398; x_wconf 88' lang='lat' dir='ltr'>laume</span> <span class='ocrx_word' id='word_1_1138' title='bbox 1476 1367 1589 1399; x_wconf 84' lang='lat' dir='ltr'>French</span> <span class='ocrx_word' id='word_1_1139' title='bbox 1602 1393 1612 1406; x_wconf 83' lang='lat'>,</span> <span class='ocrx_word' id='word_1_1140' title='bbox 1628 1368 1749 1408; x_wconf 85' lang='lat' dir='ltr'>George</span> <span class='ocrx_word' id='word_1_1141' title='bbox 1762 1370 1898 1408; x_wconf 88' lang='lat' dir='ltr'>Rookes,</span> <span class='ocrx_word' id='word_1_1142' title='bbox 1918 1367 1956 1404; x_wconf 58' lang='grc' dir='ltr'><strong><em>ὠ</em></strong></span> <span class='ocrx_word' id='word_1_1143' title='bbox 1972 1370 2105 1401; x_wconf 88' lang='lat' dir='ltr'>Thomas</span> <span class='ocrx_word' id='word_1_1144' title='bbox 2119 1371 2239 1403; x_wconf 87' lang='lat' dir='ltr'>Trotter</span> <span class='ocrx_word' id='word_1_1145' title='bbox 2257 1373 2433 1404; x_wconf 75' lang='lat' dir='ltr'>Marchands</span> 
     </span>
     <span class='ocr_line' id='line_1_134' title="bbox 1372 1404 2435 1449; baseline 0.006 -13"><span class='ocrx_word' id='word_1_1146' title='bbox 1372 1407 1406 1436; x_wconf 89' lang='lat' dir='ltr'>de</span> <span class='ocrx_word' id='word_1_1147' title='bbox 1430 1406 1578 1444; x_wconf 83' lang='lat' dir='ltr'>Londres,</span> <span class='ocrx_word' id='word_1_1148' title='bbox 1604 1404 1642 1441; x_wconf 75' lang='lat'>&amp;¹</span> <span class='ocrx_word' id='word_1_1149' title='bbox 1667 1416 1726 1438; x_wconf 86' lang='lat' dir='ltr'>tous</span> <span class='ocrx_word' id='word_1_1150' title='bbox 1756 1419 1823 1439; x_wconf 87' lang='lat' dir='ltr'>ceux</span> <span class='ocrx_word' id='word_1_1151' title='bbox 1844 1408 1924 1449; x_wconf 82' lang='lat' dir='ltr'>qu&#39;ils</span> <span class='ocrx_word' id='word_1_1152' title='bbox 1947 1409 2085 1439; x_wconf 81' lang='lat' dir='ltr'>voudront</span> <span class='ocrx_word' id='word_1_1153' title='bbox 2105 1408 2234 1448; x_wconf 75' lang='lat' dir='ltr'>employer</span> <span class='ocrx_word' id='word_1_1154' title='bbox 2244 1433 2253 1448; x_wconf 88' lang='lat'>‚</span> <span class='ocrx_word' id='word_1_1155' title='bbox 2279 1410 2297 1440; x_wconf 65' lang='lat' dir='ltr'>ax</span> <span class='ocrx_word' id='word_1_1156' title='bbox 2338 1415 2435 1442; x_wconf 84' lang='lat' dir='ltr'>ouvoir</span> 
     </span>
     <span class='ocr_line' id='line_1_135' title="bbox 1373 1421 2434 1488; baseline 0.007 -14"><span class='ocrx_word' id='word_1_1157' title='bbox 1373 1445 1534 1484; x_wconf 65' lang='lat' dir='ltr'>librement,</span> <span class='ocrx_word' id='word_1_1158' title='bbox 1542 1445 1614 1484; x_wconf 77' lang='lat' dir='ltr'>fhns</span> <span class='ocrx_word' id='word_1_1159' title='bbox 1625 1443 1760 1483; x_wconf 75' lang='lat' dir='ltr'>dtfficulte‘</span> <span class='ocrx_word' id='word_1_1160' title='bbox 1767 1459 1798 1477; x_wconf 86' lang='lat' dir='ltr'>ou</span> <span class='ocrx_word' id='word_1_1161' title='bbox 1811 1446 1876 1486; x_wconf 71' lang='lat' dir='ltr'>[bns</span> <span class='ocrx_word' id='word_1_1162' title='bbox 1898 1459 1963 1477; x_wconf 84' lang='lat' dir='ltr'>nous</span> <span class='ocrx_word' id='word_1_1163' title='bbox 1986 1448 2118 1487; x_wconf 77' lang='lat' dir='ltr'>de&#39;plaire,</span> <span class='ocrx_word' id='word_1_1164' title='bbox 2130 1448 2165 1488; x_wconf 70' lang='grc' dir='ltr'>[ἓ</span> <span class='ocrx_word' id='word_1_1165' title='bbox 2187 1449 2284 1480; x_wconf 84' lang='lat' dir='ltr'>rendre</span> <span class='ocrx_word' id='word_1_1166' title='bbox 2307 1421 2378 1480; x_wconf 51' lang='lat' dir='ltr'>sam</span> <span class='ocrx_word' id='word_1_1167' title='bbox 2396 1450 2434 1481; x_wconf 80' lang='lat' dir='ltr'>les</span> 
     </span>
     <span class='ocr_line' id='line_1_136' title="bbox 1366 1484 2436 1528; baseline 0.006 -15"><span class='ocrx_word' id='word_1_1168' title='bbox 1366 1484 1471 1524; x_wconf 68' lang='lat' dir='ltr'>fitfdits</span> <span class='ocrx_word' id='word_1_1169' title='bbox 1485 1485 1621 1523; x_wconf 85' lang='lat' dir='ltr'>endroits,</span> <span class='ocrx_word' id='word_1_1170' title='bbox 1636 1485 1705 1515; x_wconf 86' lang='lat' dir='ltr'>dans</span> <span class='ocrx_word' id='word_1_1171' title='bbox 1718 1485 1755 1515; x_wconf 86' lang='lat' dir='ltr'>les</span> <span class='ocrx_word' id='word_1_1172' title='bbox 1775 1486 1879 1524; x_wconf 85' lang='lat' dir='ltr'>Villes,</span> <span class='ocrx_word' id='word_1_1173' title='bbox 1897 1488 2028 1526; x_wconf 82' lang='lat' dir='ltr'>Havres,</span> <span class='ocrx_word' id='word_1_1174' title='bbox 2047 1491 2207 1518; x_wconf 84' lang='lat' dir='ltr'>Territoires</span> <span class='ocrx_word' id='word_1_1175' title='bbox 2224 1499 2256 1517; x_wconf 88' lang='lat' dir='ltr'>ou</span> <span class='ocrx_word' id='word_1_1176' title='bbox 2265 1487 2318 1528; x_wconf 91' lang='lat' dir='ltr'>sur</span> <span class='ocrx_word' id='word_1_1177' title='bbox 2332 1489 2371 1518; x_wconf 79' lang='lat' dir='ltr'>les</span> <span class='ocrx_word' id='word_1_1178' title='bbox 2384 1492 2436 1519; x_wconf 87' lang='lat' dir='ltr'>Ri-</span> 
     </span>
     <span class='ocr_line' id='line_1_137' title="bbox 1372 1524 2436 1567; baseline 0.004 -13"><span class='ocrx_word' id='word_1_1179' title='bbox 1372 1528 1462 1554; x_wconf 88' lang='lat' dir='ltr'>vieres</span> <span class='ocrx_word' id='word_1_1180' title='bbox 1481 1526 1528 1564; x_wconf 82' lang='lat' dir='ltr'>qui</span> <span class='ocrx_word' id='word_1_1181' title='bbox 1542 1527 1756 1563; x_wconf 80' lang='lat' dir='ltr'>appartiennent</span> <span class='ocrx_word' id='word_1_1182' title='bbox 1771 1536 1830 1554; x_wconf 83' lang='lat' dir='ltr'>aux</span> <span class='ocrx_word' id='word_1_1183' title='bbox 1841 1524 1942 1563; x_wconf 77' lang='lat' dir='ltr'>siaefdits</span> <span class='ocrx_word' id='word_1_1184' title='bbox 1955 1527 2035 1563; x_wconf 76' lang='lat' dir='ltr'>Rois,</span> <span class='ocrx_word' id='word_1_1185' title='bbox 2053 1528 2165 1556; x_wconf 84' lang='lat' dir='ltr'>Princes</span> <span class='ocrx_word' id='word_1_1186' title='bbox 2177 1537 2210 1556; x_wconf 88' lang='lat' dir='ltr'>ou</span> <span class='ocrx_word' id='word_1_1187' title='bbox 2227 1530 2436 1567; x_wconf 79' lang='lat' dir='ltr'>Gouverneurs,</span> 
     </span>
     <span class='ocr_line' id='line_1_138' title="bbox 1371 1561 2436 1605; baseline 0.003 -12"><span class='ocrx_word' id='word_1_1188' title='bbox 1371 1574 1405 1593; x_wconf 85' lang='lat' dir='ltr'>ou</span> <span class='ocrx_word' id='word_1_1189' title='bbox 1425 1561 1491 1592; x_wconf 84' lang='lat' dir='ltr'>chez</span> <span class='ocrx_word' id='word_1_1190' title='bbox 1507 1561 1577 1592; x_wconf 83' lang='lat' dir='ltr'>leurs</span> <span class='ocrx_word' id='word_1_1191' title='bbox 1591 1563 1700 1601; x_wconf 82' lang='lat' dir='ltr'>Sujets‚</span> <span class='ocrx_word' id='word_1_1192' title='bbox 1715 1572 1784 1601; x_wconf 85' lang='lat' dir='ltr'>pour</span> <span class='ocrx_word' id='word_1_1193' title='bbox 1792 1575 1812 1603; x_wconf 84' lang='lat' dir='ltr'>y</span> <span class='ocrx_word' id='word_1_1194' title='bbox 1829 1563 1964 1603; x_wconf 82' lang='lat' dir='ltr'>trafiquer</span> <span class='ocrx_word' id='word_1_1195' title='bbox 1985 1575 2017 1593; x_wconf 89' lang='lat' dir='ltr'>ou</span> <span class='ocrx_word' id='word_1_1196' title='bbox 2032 1571 2142 1605; x_wconf 81' lang='lat' dir='ltr'>troquer</span> <span class='ocrx_word' id='word_1_1197' title='bbox 2162 1575 2232 1595; x_wconf 79' lang='lat' dir='ltr'>avec</span> <span class='ocrx_word' id='word_1_1198' title='bbox 2246 1577 2319 1605; x_wconf 80' lang='lat' dir='ltr'>eux,</span> <span class='ocrx_word' id='word_1_1199' title='bbox 2342 1566 2360 1596; x_wconf 66' lang='lat' dir='ltr'>ax</span> <span class='ocrx_word' id='word_1_1200' title='bbox 2377 1566 2436 1596; x_wconf 84' lang='lat' dir='ltr'>leur</span> 
     </span>
    </p>
   </div>
   <div class='ocr_carea' id='block_1_19' title="bbox 1364 1600 2434 1642">
    <p class='ocr_par' dir='ltr' id='par_1_26' title="bbox 1364 1600 2434 1642">
     <span class='ocr_line' id='line_1_139' title="bbox 1364 1600 2434 1642; baseline 0.005 -11"><span class='ocrx_word' id='word_1_1201' title='bbox 1364 1600 1427 1641; x_wconf 87' lang='lat' dir='ltr'>plus</span> <span class='ocrx_word' id='word_1_1202' title='bbox 1439 1601 1532 1639; x_wconf 84' lang='lat' dir='ltr'>grand</span> <span class='ocrx_word' id='word_1_1203' title='bbox 1552 1608 1712 1639; x_wconf 83' lang='lat' dir='ltr'>avantage‚</span> <span class='ocrx_word' id='word_1_1204' title='bbox 1730 1601 1894 1640; x_wconf 76' lang='lat' dir='ltr'>nonobstant</span> <span class='ocrx_word' id='word_1_1205' title='bbox 1911 1609 1988 1631; x_wconf 84' lang='lat' dir='ltr'>toute</span> <span class='ocrx_word' id='word_1_1206' title='bbox 2006 1604 2060 1632; x_wconf 86' lang='lat' dir='ltr'>Loi</span> <span class='ocrx_word' id='word_1_1207' title='bbox 2071 1627 2080 1641; x_wconf 96' lang='lat'>,</span> <span class='ocrx_word' id='word_1_1208' title='bbox 2104 1602 2324 1642; x_wconf 60' lang='lat' dir='ltr'>Pmclamahon,</span> <span class='ocrx_word' id='word_1_1209' title='bbox 2341 1612 2434 1636; x_wconf 74' lang='lat' dir='ltr'>coutu-</span> 
     </span>
    </p>
   </div>
   <div class='ocr_carea' id='block_1_20' title="bbox 1373 1638 2014 1680">
    <p class='ocr_par' dir='ltr' id='par_1_27' title="bbox 1373 1638 2014 1680">
     <span class='ocr_line' id='line_1_140' title="bbox 1373 1638 2014 1680; baseline -0.003 -9"><span class='ocrx_word' id='word_1_1210' title='bbox 1373 1651 1415 1671; x_wconf 85' lang='lat' dir='ltr'>me</span> <span class='ocrx_word' id='word_1_1211' title='bbox 1431 1650 1464 1671; x_wconf 81' lang='lat' dir='ltr'>ou</span> <span class='ocrx_word' id='word_1_1212' title='bbox 1476 1638 1627 1679; x_wconf 66' lang='lat' dir='ltr'>restriffion</span> <span class='ocrx_word' id='word_1_1213' title='bbox 1642 1650 1693 1680; x_wconf 80' lang='lat' dir='ltr'>que</span> <span class='ocrx_word' id='word_1_1214' title='bbox 1707 1651 1735 1671; x_wconf 87' lang='lat' dir='ltr'>ce</span> <span class='ocrx_word' id='word_1_1215' title='bbox 1741 1640 1798 1680; x_wconf 72' lang='lat' dir='ltr'>sort</span> <span class='ocrx_word' id='word_1_1216' title='bbox 1814 1652 1851 1671; x_wconf 86' lang='lat' dir='ltr'>au</span> <span class='ocrx_word' id='word_1_1217' title='bbox 1868 1644 2014 1671; x_wconf 82' lang='lat' dir='ltr'>contraire.</span> 
     </span>
    </p>
   </div>
   <div class='ocr_carea' id='block_1_21' title="bbox 1378 1831 2494 1913">
    <p class='ocr_par' dir='ltr' id='par_1_28' title="bbox 1378 1831 2494 1913">
     <span class='ocr_line' id='line_1_141' title="bbox 1416 1831 2494 1884; baseline 0.004 -20"><span class='ocrx_word' id='word_1_1218' title='bbox 1416 1836 1463 1864; x_wconf 87' lang='lat' dir='ltr'>En</span> <span class='ocrx_word' id='word_1_1219' title='bbox 1470 1833 1516 1873; x_wconf 84' lang='lat' dir='ltr'>foi</span> <span class='ocrx_word' id='word_1_1220' title='bbox 1531 1833 1564 1863; x_wconf 86' lang='lat' dir='ltr'>de</span> <span class='ocrx_word' id='word_1_1221' title='bbox 1571 1835 1633 1874; x_wconf 84' lang='lat' dir='ltr'>quoi</span> <span class='ocrx_word' id='word_1_1222' title='bbox 1649 1842 1714 1863; x_wconf 79' lang='lat' dir='ltr'>nous</span> <span class='ocrx_word' id='word_1_1223' title='bbox 1728 1832 1908 1884; x_wconf 68' lang='lat' dir='ltr'>avonssgne&#39;</span> <span class='ocrx_word' id='word_1_1224' title='bbox 1921 1832 1952 1878; x_wconf 68' lang='grc' dir='ltr'>ζα</span> <span class='ocrx_word' id='word_1_1225' title='bbox 1959 1831 2086 1873; x_wconf 70' lang='grc' dir='ltr'>ρνξΙέηιε</span> <span class='ocrx_word' id='word_1_1226' title='bbox 2100 1832 2134 1864; x_wconf 85' lang='lat' dir='ltr'>de</span> <span class='ocrx_word' id='word_1_1227' title='bbox 2147 1840 2228 1865; x_wconf 81' lang='lat' dir='ltr'>notre</span> <span class='ocrx_word' id='word_1_1228' title='bbox 2243 1838 2319 1866; x_wconf 81' lang='lat' dir='ltr'>main</span> <span class='ocrx_word' id='word_1_1229' title='bbox 2333 1834 2372 1872; x_wconf 62' lang='grc' dir='ltr'><em>ἀ</em></span> <span class='ocrx_word' id='word_1_1230' title='bbox 2384 1836 2443 1876; x_wconf 67' lang='lat' dir='ltr'>fait</span> <span class='ocrx_word' id='word_1_1231' title='bbox 2491 1857 2494 1859; x_wconf 24' lang='grc' dir='ltr'><strong>Δ</strong></span> 
     </span>
     <span class='ocr_line' id='line_1_142' title="bbox 1378 1871 2005 1913; baseline -0.005 -9"><span class='ocrx_word' id='word_1_1232' title='bbox 1378 1872 1488 1913; x_wconf 80' lang='lat' dir='ltr'>apposer</span> <span class='ocrx_word' id='word_1_1233' title='bbox 1502 1879 1582 1903; x_wconf 83' lang='lat' dir='ltr'>notre</span> <span class='ocrx_word' id='word_1_1234' title='bbox 1590 1871 1683 1911; x_wconf 86' lang='lat' dir='ltr'>grand</span> <span class='ocrx_word' id='word_1_1235' title='bbox 1693 1874 1777 1902; x_wconf 85' lang='lat' dir='ltr'>Sceau</span> <span class='ocrx_word' id='word_1_1236' title='bbox 1793 1872 1814 1901; x_wconf 90' lang='lat' dir='ltr'>d</span> <span class='ocrx_word' id='word_1_1237' title='bbox 1829 1872 2005 1912; x_wconf 87' lang='lat' dir='ltr'>Angleterre.</span> 
     </span>
    </p>
   </div>
   <div class='ocr_carea' id='block_1_22' title="bbox 1381 1947 2442 2027">
    <p class='ocr_par' dir='ltr' id='par_1_29' title="bbox 1381 1947 2442 2027">
     <span class='ocr_line' id='line_1_143' title="bbox 1414 1947 2442 1987; baseline 0.006 -6"><span class='ocrx_word' id='word_1_1238' title='bbox 1414 1950 1538 1981; x_wconf 67' lang='lat' dir='ltr'>Temoim</span> <span class='ocrx_word' id='word_1_1239' title='bbox 1550 1947 1725 1980; x_wconf 52' lang='lat' dir='ltr'>nous-mssmes</span> <span class='ocrx_word' id='word_1_1240' title='bbox 1739 1948 1758 1978; x_wconf 70' lang='lat' dir='ltr'>a</span> <span class='ocrx_word' id='word_1_1241' title='bbox 1771 1956 1848 1980; x_wconf 87' lang='lat' dir='ltr'>notre</span> <span class='ocrx_word' id='word_1_1242' title='bbox 1862 1949 1952 1981; x_wconf 85' lang='lat' dir='ltr'>Palais</span> <span class='ocrx_word' id='word_1_1243' title='bbox 1966 1949 2002 1981; x_wconf 92' lang='lat' dir='ltr'>de</span> <span class='ocrx_word' id='word_1_1244' title='bbox 2019 1948 2224 1982; x_wconf 85' lang='lat' dir='ltr'>westminster</span> <span class='ocrx_word' id='word_1_1245' title='bbox 2240 1950 2266 1982; x_wconf 86' lang='lat' dir='ltr'>le</span> <span class='ocrx_word' id='word_1_1246' title='bbox 2274 1950 2400 1986; x_wconf 73' lang='lat' dir='ltr'>dialeme</span> <span class='ocrx_word' id='word_1_1247' title='bbox 2406 1953 2442 1987; x_wconf 84' lang='lat' dir='ltr'>de</span> 
     </span>
     <span class='ocr_line' id='line_1_144' title="bbox 1381 1986 2125 2027; baseline -0.003 -5"><span class='ocrx_word' id='word_1_1248' title='bbox 1381 1989 1562 2024; x_wconf 84' lang='lat' dir='ltr'>Novembre</span> <span class='ocrx_word' id='word_1_1249' title='bbox 1577 1989 1611 2019; x_wconf 82' lang='lat' dir='ltr'>de</span> <span class='ocrx_word' id='word_1_1250' title='bbox 1625 1987 1654 2018; x_wconf 84' lang='lat' dir='ltr'>Ia</span> <span class='ocrx_word' id='word_1_1251' title='bbox 1664 1986 1780 2027; x_wconf 65' lang='lat' dir='ltr'>seconde</span> <span class='ocrx_word' id='word_1_1252' title='bbox 1791 1990 1877 2019; x_wconf 81' lang='lat' dir='ltr'>anne‘e</span> <span class='ocrx_word' id='word_1_1253' title='bbox 1888 1988 1923 2018; x_wconf 86' lang='lat' dir='ltr'>de</span> <span class='ocrx_word' id='word_1_1254' title='bbox 1934 1995 2011 2019; x_wconf 87' lang='lat' dir='ltr'>notre</span> <span class='ocrx_word' id='word_1_1255' title='bbox 2026 1991 2125 2027; x_wconf 81' lang='lat' dir='ltr'>Regne.</span> 
     </span>
    </p>
   </div>
   <div class='ocr_carea' id='block_1_23' title="bbox 1710 2064 2345 2108">
    <p class='ocr_par' dir='ltr' id='par_1_30' title="bbox 1710 2064 2345 2108">
     <span class='ocr_line' id='line_1_145' title="bbox 1710 2064 2345 2108; baseline 0.008 -13"><span class='ocrx_word' id='word_1_1256' title='bbox 1710 2067 1765 2096; x_wconf 88' lang='lat' dir='ltr'>Per</span> <span class='ocrx_word' id='word_1_1257' title='bbox 1782 2064 1867 2105; x_wconf 66' lang='lat' dir='ltr'>ipfitm</span> <span class='ocrx_word' id='word_1_1258' title='bbox 1885 2067 1983 2104; x_wconf 76' lang='lat' dir='ltr'>Regem</span> <span class='ocrx_word' id='word_1_1259' title='bbox 1995 2070 2108 2106; x_wconf 80' lang='lat' dir='ltr'>propria</span> <span class='ocrx_word' id='word_1_1260' title='bbox 2123 2078 2208 2098; x_wconf 85' lang='lat' dir='ltr'>manu</span> <span class='ocrx_word' id='word_1_1261' title='bbox 2223 2069 2345 2108; x_wconf 78' lang='lat' dir='ltr'>Signat‘.</span> 
     </span>
    </p>
   </div>
   <div class='ocr_carea' id='block_1_24' title="bbox 1383 2190 2474 3886">
    <p class='ocr_par' dir='ltr' id='par_1_31' title="bbox 1383 2190 2449 2773">
     <span class='ocr_line' id='line_1_146' title="bbox 1383 2190 2447 2233; baseline 0.003 -10"><span class='ocrx_word' id='word_1_1262' title='bbox 1383 2204 1448 2233; x_wconf 81' lang='lat' dir='ltr'>tur3</span> <span class='ocrx_word' id='word_1_1263' title='bbox 1467 2193 1501 2225; x_wconf 92' lang='lat'>&amp;</span> <span class='ocrx_word' id='word_1_1264' title='bbox 1515 2193 1534 2224; x_wconf 89' lang='lat' dir='ltr'>fi</span> <span class='ocrx_word' id='word_1_1265' title='bbox 1547 2191 1645 2230; x_wconf 90' lang='lat' dir='ltr'>aliquis</span> <span class='ocrx_word' id='word_1_1266' title='bbox 1665 2190 1826 2229; x_wconf 87' lang='lat' dir='ltr'>hujusmodi</span> <span class='ocrx_word' id='word_1_1267' title='bbox 1843 2190 2029 2222; x_wconf 89' lang='lat' dir='ltr'>Provisorum</span> <span class='ocrx_word' id='word_1_1268' title='bbox 2046 2191 2093 2223; x_wconf 92' lang='lat' dir='ltr'>seu</span> <span class='ocrx_word' id='word_1_1269' title='bbox 2120 2192 2287 2232; x_wconf 87' lang='lat' dir='ltr'>Captorum</span> <span class='ocrx_word' id='word_1_1270' title='bbox 2312 2194 2447 2226; x_wconf 73' lang='lat' dir='ltr'>Minister</span> 
     </span>
     <span class='ocr_line' id='line_1_147' title="bbox 1383 2229 2446 2272; baseline -0.002 -7"><span class='ocrx_word' id='word_1_1271' title='bbox 1383 2242 1433 2266; x_wconf 88' lang='lat' dir='ltr'>aut</span> <span class='ocrx_word' id='word_1_1272' title='bbox 1450 2232 1547 2265; x_wconf 87' lang='lat' dir='ltr'>Ballivi</span> <span class='ocrx_word' id='word_1_1273' title='bbox 1563 2229 1654 2262; x_wconf 89' lang='lat' dir='ltr'>nostri</span> <span class='ocrx_word' id='word_1_1274' title='bbox 1668 2239 1715 2261; x_wconf 90' lang='lat' dir='ltr'>aut</span> <span class='ocrx_word' id='word_1_1275' title='bbox 1735 2229 1885 2260; x_wconf 88' lang='lat' dir='ltr'>Heredum</span> <span class='ocrx_word' id='word_1_1276' title='bbox 1904 2230 2085 2269; x_wconf 88' lang='lat' dir='ltr'>nostrorum,</span> <span class='ocrx_word' id='word_1_1277' title='bbox 2103 2233 2149 2263; x_wconf 92' lang='lat' dir='ltr'>vel</span> <span class='ocrx_word' id='word_1_1278' title='bbox 2166 2234 2278 2265; x_wconf 85' lang='lat' dir='ltr'>alterius</span> <span class='ocrx_word' id='word_1_1279' title='bbox 2295 2234 2446 2272; x_wconf 88' lang='lat' dir='ltr'>cujuscun-</span> 
     </span>
     <span class='ocr_line' id='line_1_148' title="bbox 1385 2267 2447 2312; baseline -0.001 -9"><span class='ocrx_word' id='word_1_1280' title='bbox 1385 2282 1457 2312; x_wconf 90' lang='lat' dir='ltr'>que,</span> <span class='ocrx_word' id='word_1_1281' title='bbox 1475 2271 1630 2310; x_wconf 84' lang='lat' dir='ltr'>quicquam</span> <span class='ocrx_word' id='word_1_1282' title='bbox 1646 2269 1676 2299; x_wconf 86' lang='lat' dir='ltr'>in</span> <span class='ocrx_word' id='word_1_1283' title='bbox 1691 2270 1873 2300; x_wconf 86' lang='lat' dir='ltr'>contrarium</span> <span class='ocrx_word' id='word_1_1284' title='bbox 1889 2267 2091 2300; x_wconf 85' lang='lat' dir='ltr'>Conceffionis</span> <span class='ocrx_word' id='word_1_1285' title='bbox 2106 2271 2203 2302; x_wconf 89' lang='lat' dir='ltr'>nostre</span> <span class='ocrx_word' id='word_1_1286' title='bbox 2221 2281 2322 2311; x_wconf 87' lang='lat' dir='ltr'>capere</span> <span class='ocrx_word' id='word_1_1287' title='bbox 2342 2271 2388 2302; x_wconf 88' lang='lat' dir='ltr'>vel</span> <span class='ocrx_word' id='word_1_1288' title='bbox 2403 2279 2447 2302; x_wconf 87' lang='lat' dir='ltr'>at-</span> 
     </span>
     <span class='ocr_line' id='line_1_149' title="bbox 1386 2307 2448 2349; baseline -0.003 -7"><span class='ocrx_word' id='word_1_1289' title='bbox 1386 2319 1527 2349; x_wconf 87' lang='lat' dir='ltr'>temptare</span> <span class='ocrx_word' id='word_1_1290' title='bbox 1540 2307 1753 2347; x_wconf 87' lang='lat' dir='ltr'>presumpserit,</span> <span class='ocrx_word' id='word_1_1291' title='bbox 1770 2307 1946 2338; x_wconf 80' lang='lat' dir='ltr'>voluerimus</span> <span class='ocrx_word' id='word_1_1292' title='bbox 1961 2308 1995 2339; x_wconf 74' lang='grc' dir='ltr'>δε</span> <span class='ocrx_word' id='word_1_1293' title='bbox 2012 2309 2236 2341; x_wconf 81' lang='lat' dir='ltr'>concesserimus</span> <span class='ocrx_word' id='word_1_1294' title='bbox 2268 2319 2318 2348; x_wconf 86' lang='lat' dir='ltr'>per</span> <span class='ocrx_word' id='word_1_1295' title='bbox 2338 2309 2448 2341; x_wconf 89' lang='lat' dir='ltr'>Literas</span> 
     </span>
     <span class='ocr_line' id='line_1_150' title="bbox 1388 2333 2447 2386; baseline -0.002 -6"><span class='ocrx_word' id='word_1_1296' title='bbox 1388 2349 1497 2381; x_wconf 86' lang='lat' dir='ltr'>nostras</span> <span class='ocrx_word' id='word_1_1297' title='bbox 1512 2347 1650 2386; x_wconf 60' lang='lat' dir='ltr'>predidtas</span> <span class='ocrx_word' id='word_1_1298' title='bbox 1660 2370 1670 2383; x_wconf 82' lang='lat'>,</span> <span class='ocrx_word' id='word_1_1299' title='bbox 1688 2346 1767 2384; x_wconf 88' lang='lat' dir='ltr'>quod</span> <span class='ocrx_word' id='word_1_1300' title='bbox 1782 2346 1855 2376; x_wconf 89' lang='lat' dir='ltr'>bene</span> <span class='ocrx_word' id='word_1_1301' title='bbox 1876 2346 1958 2377; x_wconf 89' lang='lat' dir='ltr'>liceat</span> <span class='ocrx_word' id='word_1_1302' title='bbox 1974 2346 2078 2378; x_wconf 88' lang='lat' dir='ltr'>eisdem</span> <span class='ocrx_word' id='word_1_1303' title='bbox 2095 2358 2173 2379; x_wconf 90' lang='lat' dir='ltr'>nunc</span> <span class='ocrx_word' id='word_1_1304' title='bbox 2187 2333 2295 2386; x_wconf 58' lang='lat' dir='ltr'>Custodi</span> <span class='ocrx_word' id='word_1_1305' title='bbox 2309 2346 2349 2382; x_wconf 63' lang='grc' dir='ltr'>ὠ»</span> <span class='ocrx_word' id='word_1_1306' title='bbox 2364 2347 2447 2378; x_wconf 83' lang='lat' dir='ltr'>Scho-</span> 
     </span>
     <span class='ocr_line' id='line_1_151' title="bbox 1385 2384 2448 2423; baseline -0.003 -4"><span class='ocrx_word' id='word_1_1307' title='bbox 1385 2388 1490 2419; x_wconf 75' lang='lat' dir='ltr'>laribus</span> <span class='ocrx_word' id='word_1_1308' title='bbox 1505 2388 1538 2419; x_wconf 90' lang='lat'>&amp;</span> <span class='ocrx_word' id='word_1_1309' title='bbox 1552 2384 1766 2417; x_wconf 84' lang='lat' dir='ltr'>Succefforibus</span> <span class='ocrx_word' id='word_1_1310' title='bbox 1783 2384 1854 2422; x_wconf 82' lang='lat' dir='ltr'>suis,</span> <span class='ocrx_word' id='word_1_1311' title='bbox 1871 2394 1906 2416; x_wconf 89' lang='lat' dir='ltr'>ac</span> <span class='ocrx_word' id='word_1_1312' title='bbox 1923 2384 2084 2423; x_wconf 80' lang='lat' dir='ltr'>hujustnodi</span> <span class='ocrx_word' id='word_1_1313' title='bbox 2101 2386 2279 2417; x_wconf 90' lang='lat' dir='ltr'>Tenentibus</span> <span class='ocrx_word' id='word_1_1314' title='bbox 2303 2386 2448 2418; x_wconf 88' lang='lat' dir='ltr'>Firmariis</span> 
     </span>
     <span class='ocr_line' id='line_1_152' title="bbox 1384 2422 2448 2464; baseline -0.002 -6"><span class='ocrx_word' id='word_1_1315' title='bbox 1384 2426 1621 2458; x_wconf 85' lang='lat' dir='ltr'>Procuratoribus</span> <span class='ocrx_word' id='word_1_1316' title='bbox 1636 2424 1746 2455; x_wconf 85' lang='lat' dir='ltr'>Ballivis</span> <span class='ocrx_word' id='word_1_1317' title='bbox 1755 2422 1946 2454; x_wconf 89' lang='lat' dir='ltr'>Servientibus</span> <span class='ocrx_word' id='word_1_1318' title='bbox 1959 2425 1994 2454; x_wconf 90' lang='lat'>&amp;</span> <span class='ocrx_word' id='word_1_1319' title='bbox 2008 2423 2146 2455; x_wconf 86' lang='lat' dir='ltr'>Ministris</span> <span class='ocrx_word' id='word_1_1320' title='bbox 2154 2424 2209 2455; x_wconf 88' lang='lat' dir='ltr'>suis</span> <span class='ocrx_word' id='word_1_1321' title='bbox 2220 2425 2448 2464; x_wconf 88' lang='lat' dir='ltr'>quibuscunque,</span> 
     </span>
     <span class='ocr_line' id='line_1_153' title="bbox 1385 2460 2446 2500; baseline -0.002 -4"><span class='ocrx_word' id='word_1_1322' title='bbox 1385 2466 1482 2497; x_wconf 88' lang='lat' dir='ltr'>eidem</span> <span class='ocrx_word' id='word_1_1323' title='bbox 1496 2463 1641 2494; x_wconf 88' lang='lat' dir='ltr'>Provisori</span> <span class='ocrx_word' id='word_1_1324' title='bbox 1656 2462 1777 2500; x_wconf 82' lang='lat' dir='ltr'>Captori</span> <span class='ocrx_word' id='word_1_1325' title='bbox 1794 2460 1931 2491; x_wconf 89' lang='lat' dir='ltr'>Ministro</span> <span class='ocrx_word' id='word_1_1326' title='bbox 1948 2460 1995 2491; x_wconf 89' lang='lat' dir='ltr'>seu</span> <span class='ocrx_word' id='word_1_1327' title='bbox 2009 2460 2117 2492; x_wconf 81' lang='lat' dir='ltr'>Ballivo</span> <span class='ocrx_word' id='word_1_1328' title='bbox 2132 2462 2255 2494; x_wconf 83' lang='lat' dir='ltr'>resistere</span> <span class='ocrx_word' id='word_1_1329' title='bbox 2274 2464 2303 2494; x_wconf 88' lang='lat' dir='ltr'>in</span> <span class='ocrx_word' id='word_1_1330' title='bbox 2320 2464 2380 2494; x_wconf 91' lang='lat' dir='ltr'>hoc</span> <span class='ocrx_word' id='word_1_1331' title='bbox 2396 2473 2446 2495; x_wconf 90' lang='lat' dir='ltr'>ca-</span> 
     </span>
     <span class='ocr_line' id='line_1_154' title="bbox 1386 2498 2448 2544; baseline -0.002 -9"><span class='ocrx_word' id='word_1_1332' title='bbox 1386 2504 1435 2544; x_wconf 89' lang='lat' dir='ltr'>su,</span> <span class='ocrx_word' id='word_1_1333' title='bbox 1453 2503 1587 2536; x_wconf 86' lang='lat' dir='ltr'>vocando</span> <span class='ocrx_word' id='word_1_1334' title='bbox 1602 2501 1637 2532; x_wconf 89' lang='lat' dir='ltr'>ad</span> <span class='ocrx_word' id='word_1_1335' title='bbox 1651 2501 1693 2538; x_wconf 88' lang='lat' dir='ltr'>se,</span> <span class='ocrx_word' id='word_1_1336' title='bbox 1711 2502 1740 2531; x_wconf 86' lang='lat' dir='ltr'>in</span> <span class='ocrx_word' id='word_1_1337' title='bbox 1755 2500 1891 2530; x_wconf 83' lang='lat' dir='ltr'>auxilium</span> <span class='ocrx_word' id='word_1_1338' title='bbox 1910 2499 1945 2529; x_wconf 89' lang='lat' dir='ltr'>ad</span> <span class='ocrx_word' id='word_1_1339' title='bbox 1963 2498 2123 2537; x_wconf 84' lang='lat' dir='ltr'>hujusmodi</span> <span class='ocrx_word' id='word_1_1340' title='bbox 2141 2501 2326 2532; x_wconf 81' lang='lat' dir='ltr'>resistentiam</span> <span class='ocrx_word' id='word_1_1341' title='bbox 2339 2502 2448 2534; x_wconf 71' lang='lat' dir='ltr'>facien-</span> 
     </span>
     <span class='ocr_line' id='line_1_155' title="bbox 1388 2537 2447 2580; baseline -0.001 -7"><span class='ocrx_word' id='word_1_1342' title='bbox 1388 2543 1454 2573; x_wconf 90' lang='lat' dir='ltr'>dam</span> <span class='ocrx_word' id='word_1_1343' title='bbox 1464 2565 1474 2580; x_wconf 91' lang='lat'>,</span> <span class='ocrx_word' id='word_1_1344' title='bbox 1489 2539 1741 2572; x_wconf 88' lang='lat' dir='ltr'>Constabulariurn</span> <span class='ocrx_word' id='word_1_1345' title='bbox 1758 2538 1818 2569; x_wconf 89' lang='lat' dir='ltr'>loci</span> <span class='ocrx_word' id='word_1_1346' title='bbox 1832 2538 1882 2568; x_wconf 89' lang='lat' dir='ltr'>ubi</span> <span class='ocrx_word' id='word_1_1347' title='bbox 1896 2537 2057 2573; x_wconf 75' lang='lat' dir='ltr'>huiusmodi</span> <span class='ocrx_word' id='word_1_1348' title='bbox 2069 2538 2218 2571; x_wconf 83' lang='lat' dir='ltr'>refistentia</span> <span class='ocrx_word' id='word_1_1349' title='bbox 2239 2540 2299 2571; x_wconf 88' lang='lat' dir='ltr'>fieri</span> <span class='ocrx_word' id='word_1_1350' title='bbox 2315 2541 2447 2580; x_wconf 83' lang='lat' dir='ltr'>contige-</span> 
     </span>
     <span class='ocr_line' id='line_1_156' title="bbox 1387 2574 2448 2617; baseline -0.002 -5"><span class='ocrx_word' id='word_1_1351' title='bbox 1387 2582 1423 2612; x_wconf 89' lang='lat' dir='ltr'>rit</span> <span class='ocrx_word' id='word_1_1352' title='bbox 1460 2589 1494 2611; x_wconf 93' lang='lat' dir='ltr'>ac</span> <span class='ocrx_word' id='word_1_1353' title='bbox 1508 2578 1690 2609; x_wconf 86' lang='lat' dir='ltr'>omnimodas</span> <span class='ocrx_word' id='word_1_1354' title='bbox 1703 2577 1766 2607; x_wconf 89' lang='lat' dir='ltr'>alias</span> <span class='ocrx_word' id='word_1_1355' title='bbox 1779 2576 1913 2606; x_wconf 82' lang='lat' dir='ltr'>Personas</span> <span class='ocrx_word' id='word_1_1356' title='bbox 1923 2574 2214 2610; x_wconf 87' lang='lat' dir='ltr'>Constabulariiillius</span> <span class='ocrx_word' id='word_1_1357' title='bbox 2223 2579 2364 2617; x_wconf 90' lang='lat' dir='ltr'>,eundem</span> <span class='ocrx_word' id='word_1_1358' title='bbox 2373 2579 2448 2610; x_wconf 91' lang='lat' dir='ltr'>Pro-</span> 
     </span>
     <span class='ocr_line' id='line_1_157' title="bbox 1386 2605 2449 2658; baseline -0.001 -8"><span class='ocrx_word' id='word_1_1359' title='bbox 1386 2605 1511 2650; x_wconf 61' lang='lat' dir='ltr'>visorem</span> <span class='ocrx_word' id='word_1_1360' title='bbox 1525 2617 1682 2655; x_wconf 88' lang='lat' dir='ltr'>Captorem</span> <span class='ocrx_word' id='word_1_1361' title='bbox 1699 2614 1872 2658; x_wconf 41' lang='lat' dir='ltr'>Ministrum&#39;</span> <span class='ocrx_word' id='word_1_1362' title='bbox 1882 2614 1928 2644; x_wconf 90' lang='lat' dir='ltr'>seu</span> <span class='ocrx_word' id='word_1_1363' title='bbox 1936 2613 2091 2653; x_wconf 78' lang='lat' dir='ltr'>Ballivum,</span> <span class='ocrx_word' id='word_1_1364' title='bbox 2105 2617 2260 2655; x_wconf 88' lang='lat' dir='ltr'>quicquam</span> <span class='ocrx_word' id='word_1_1365' title='bbox 2273 2626 2376 2649; x_wconf 89' lang='lat' dir='ltr'>contra</span> <span class='ocrx_word' id='word_1_1366' title='bbox 2383 2619 2449 2649; x_wconf 88' lang='lat' dir='ltr'>vim</span> 
     </span>
     <span class='ocr_line' id='line_1_158' title="bbox 1387 2652 2449 2694; baseline -0.002 -5"><span class='ocrx_word' id='word_1_1367' title='bbox 1387 2659 1420 2689; x_wconf 89' lang='lat'>&amp;</span> <span class='ocrx_word' id='word_1_1368' title='bbox 1435 2657 1576 2688; x_wconf 64' lang='lat' dir='ltr'>effedlmm</span> <span class='ocrx_word' id='word_1_1369' title='bbox 1589 2655 1668 2686; x_wconf 60' lang='lat' dir='ltr'>dicte</span> <span class='ocrx_word' id='word_1_1370' title='bbox 1685 2652 1886 2683; x_wconf 84' lang='lat' dir='ltr'>Conceffioms</span> <span class='ocrx_word' id='word_1_1371' title='bbox 1899 2652 1994 2683; x_wconf 90' lang='lat' dir='ltr'>nostre</span> <span class='ocrx_word' id='word_1_1372' title='bbox 2011 2663 2111 2691; x_wconf 85' lang='lat' dir='ltr'>capere</span> <span class='ocrx_word' id='word_1_1373' title='bbox 2126 2655 2219 2686; x_wconf 85' lang='lat' dir='ltr'>facere</span> <span class='ocrx_word' id='word_1_1374' title='bbox 2232 2654 2277 2686; x_wconf 88' lang='lat' dir='ltr'>seu</span> <span class='ocrx_word' id='word_1_1375' title='bbox 2293 2666 2449 2694; x_wconf 81' lang='lat' dir='ltr'>attempta-</span> 
     </span>
     <span class='ocr_line' id='line_1_159' title="bbox 1386 2690 2449 2732; baseline -0.002 -4"><span class='ocrx_word' id='word_1_1376' title='bbox 1386 2707 1418 2728; x_wconf 89' lang='lat' dir='ltr'>re</span> <span class='ocrx_word' id='word_1_1377' title='bbox 1434 2696 1567 2727; x_wconf 83' lang='lat' dir='ltr'>ullatenus</span> <span class='ocrx_word' id='word_1_1378' title='bbox 1581 2691 1763 2732; x_wconf 88' lang='lat' dir='ltr'>permittend’</span> <span class='ocrx_word' id='word_1_1379' title='bbox 1776 2691 1878 2730; x_wconf 79' lang='lat' dir='ltr'>absque</span> <span class='ocrx_word' id='word_1_1380' title='bbox 1896 2690 2074 2731; x_wconf 90' lang='lat' dir='ltr'>Contemptu</span> <span class='ocrx_word' id='word_1_1381' title='bbox 2092 2701 2140 2724; x_wconf 88' lang='lat' dir='ltr'>aut</span> <span class='ocrx_word' id='word_1_1382' title='bbox 2158 2692 2342 2732; x_wconf 83' lang='lat' dir='ltr'>Imperitione</span> <span class='ocrx_word' id='word_1_1383' title='bbox 2358 2694 2449 2727; x_wconf 88' lang='lat' dir='ltr'>nostri</span> 
     </span>
     <span class='ocr_line' id='line_1_160' title="bbox 1387 2729 2257 2773; baseline -0.001 -8"><span class='ocrx_word' id='word_1_1384' title='bbox 1387 2734 1435 2769; x_wconf 91' lang='lat' dir='ltr'>vel</span> <span class='ocrx_word' id='word_1_1385' title='bbox 1451 2732 1603 2764; x_wconf 87' lang='lat' dir='ltr'>Heredum</span> <span class='ocrx_word' id='word_1_1386' title='bbox 1617 2730 1779 2762; x_wconf 90' lang='lat' dir='ltr'>nostrorum</span> <span class='ocrx_word' id='word_1_1387' title='bbox 1797 2739 1843 2760; x_wconf 84' lang='lat' dir='ltr'>aut</span> <span class='ocrx_word' id='word_1_1388' title='bbox 1860 2729 1980 2760; x_wconf 86' lang='lat' dir='ltr'>aliorum</span> <span class='ocrx_word' id='word_1_1389' title='bbox 1997 2740 2257 2773; x_wconf 78' lang='lat' dir='ltr'>quorumcunque3</span> 
     </span>
    </p>

    <p class='ocr_par' dir='ltr' id='par_1_32' title="bbox 1389 2768 2459 3044">
     <span class='ocr_line' id='line_1_161' title="bbox 1424 2768 2451 2811; baseline 0 -7"><span class='ocrx_word' id='word_1_1390' title='bbox 1424 2772 1661 2804; x_wconf 85' lang='lat' dir='ltr'>Prohibuerimus</span> <span class='ocrx_word' id='word_1_1391' title='bbox 1678 2769 1789 2806; x_wconf 89' lang='lat' dir='ltr'>insuper</span> <span class='ocrx_word' id='word_1_1392' title='bbox 1807 2768 1947 2798; x_wconf 86' lang='lat' dir='ltr'>omnibus</span> <span class='ocrx_word' id='word_1_1393' title='bbox 1961 2768 1995 2798; x_wconf 76' lang='grc' dir='ltr'>δε</span> <span class='ocrx_word' id='word_1_1394' title='bbox 2014 2770 2125 2808; x_wconf 73' lang='lat' dir='ltr'>singulis</span> <span class='ocrx_word' id='word_1_1395' title='bbox 2143 2769 2386 2811; x_wconf 85' lang='lat' dir='ltr'>Constabulariis,</span> <span class='ocrx_word' id='word_1_1396' title='bbox 2401 2782 2451 2805; x_wconf 89' lang='lat' dir='ltr'>aut</span> 
     </span>
     <span class='ocr_line' id='line_1_162' title="bbox 1389 2807 2455 2851; baseline 0.001 -9"><span class='ocrx_word' id='word_1_1397' title='bbox 1389 2812 1448 2843; x_wconf 85' lang='lat' dir='ltr'>aliis</span> <span class='ocrx_word' id='word_1_1398' title='bbox 1468 2810 1596 2840; x_wconf 90' lang='lat' dir='ltr'>Personis</span> <span class='ocrx_word' id='word_1_1399' title='bbox 1618 2807 1852 2847; x_wconf 83' lang='lat' dir='ltr'>quibuscunque,</span> <span class='ocrx_word' id='word_1_1400' title='bbox 1876 2817 1912 2837; x_wconf 85' lang='lat' dir='ltr'>ne</span> <span class='ocrx_word' id='word_1_1401' title='bbox 1928 2807 1994 2845; x_wconf 73' lang='lat' dir='ltr'>ipsi,</span> <span class='ocrx_word' id='word_1_1402' title='bbox 2013 2816 2058 2838; x_wconf 86' lang='lat' dir='ltr'>aut</span> <span class='ocrx_word' id='word_1_1403' title='bbox 2076 2818 2177 2840; x_wconf 90' lang='lat' dir='ltr'>eorum</span> <span class='ocrx_word' id='word_1_1404' title='bbox 2197 2810 2312 2848; x_wconf 78' lang='lat' dir='ltr'>aliquis,</span> <span class='ocrx_word' id='word_1_1405' title='bbox 2335 2812 2455 2851; x_wconf 82' lang='lat' dir='ltr'>aliquod</span> 
     </span>
     <span class='ocr_line' id='line_1_163' title="bbox 1394 2844 2456 2886; baseline 0 -5"><span class='ocrx_word' id='word_1_1406' title='bbox 1394 2849 1541 2882; x_wconf 79' lang='lat' dir='ltr'>Auxilium</span> <span class='ocrx_word' id='word_1_1407' title='bbox 1556 2847 1717 2878; x_wconf 80' lang='lat' dir='ltr'>Subsidium</span> <span class='ocrx_word' id='word_1_1408' title='bbox 1734 2845 1896 2877; x_wconf 78' lang='lat' dir='ltr'>Consilium</span> <span class='ocrx_word' id='word_1_1409' title='bbox 1913 2844 1960 2876; x_wconf 89' lang='lat' dir='ltr'>seu</span> <span class='ocrx_word' id='word_1_1410' title='bbox 1975 2845 2116 2877; x_wconf 87' lang='lat' dir='ltr'>Favorem</span> <span class='ocrx_word' id='word_1_1411' title='bbox 2130 2847 2293 2886; x_wconf 87' lang='lat' dir='ltr'>hujusmodi</span> <span class='ocrx_word' id='word_1_1412' title='bbox 2310 2850 2456 2882; x_wconf 88' lang='lat' dir='ltr'>Provisori</span> 
     </span>
     <span class='ocr_line' id='line_1_164' title="bbox 1391 2883 2458 2926; baseline -0.001 -6"><span class='ocrx_word' id='word_1_1413' title='bbox 1391 2889 1438 2921; x_wconf 87' lang='lat' dir='ltr'>seu</span> <span class='ocrx_word' id='word_1_1414' title='bbox 1456 2887 1592 2926; x_wconf 82' lang='lat' dir='ltr'>Captori,</span> <span class='ocrx_word' id='word_1_1415' title='bbox 1611 2894 1659 2917; x_wconf 82' lang='lat' dir='ltr'>aut</span> <span class='ocrx_word' id='word_1_1416' title='bbox 1676 2884 1782 2922; x_wconf 87' lang='lat' dir='ltr'>aliquid</span> <span class='ocrx_word' id='word_1_1417' title='bbox 1796 2893 1895 2915; x_wconf 88' lang='lat' dir='ltr'>contra</span> <span class='ocrx_word' id='word_1_1418' title='bbox 1908 2883 2015 2914; x_wconf 65' lang='lat' dir='ltr'>dietam</span> <span class='ocrx_word' id='word_1_1419' title='bbox 2030 2884 2256 2917; x_wconf 87' lang='lat' dir='ltr'>Conceffionem</span> <span class='ocrx_word' id='word_1_1420' title='bbox 2272 2888 2398 2918; x_wconf 86' lang='lat' dir='ltr'>nostram</span> <span class='ocrx_word' id='word_1_1421' title='bbox 2414 2889 2458 2920; x_wconf 84' lang='lat' dir='ltr'>fa-</span> 
     </span>
     <span class='ocr_line' id='line_1_165' title="bbox 1393 2922 2459 2992; baseline 0 -34"><span class='ocrx_word' id='word_1_1422' title='bbox 1393 2926 1530 2960; x_wconf 88' lang='lat' dir='ltr'>ciendum</span> <span class='ocrx_word' id='word_1_1423' title='bbox 1539 2926 1675 2962; x_wconf 85' lang='lat' dir='ltr'>prebeant</span> <span class='ocrx_word' id='word_1_1424' title='bbox 1684 2922 1746 2962; x_wconf 86' lang='lat' dir='ltr'>,sed</span> <span class='ocrx_word' id='word_1_1425' title='bbox 1760 2923 1927 2953; x_wconf 86' lang='lat' dir='ltr'>mandamus</span> <span class='ocrx_word' id='word_1_1426' title='bbox 1939 2922 2158 2992; x_wconf 60' lang='lat' dir='ltr'>&amp;grecipimus</span> <span class='ocrx_word' id='word_1_1427' title='bbox 2167 2925 2268 2955; x_wconf 88' lang='lat' dir='ltr'>eisdem</span> <span class='ocrx_word' id='word_1_1428' title='bbox 2282 2927 2361 2964; x_wconf 83' lang='lat' dir='ltr'>quod</span> <span class='ocrx_word' id='word_1_1429' title='bbox 2369 2937 2459 2965; x_wconf 87' lang='lat' dir='ltr'>quan-</span> 
     </span>
     <span class='ocr_line' id='line_1_166' title="bbox 1396 2960 2457 3001; baseline -0.001 -3"><span class='ocrx_word' id='word_1_1430' title='bbox 1396 2976 1460 2998; x_wconf 90' lang='lat' dir='ltr'>tum</span> <span class='ocrx_word' id='word_1_1431' title='bbox 1476 2966 1506 2994; x_wconf 89' lang='lat' dir='ltr'>in</span> <span class='ocrx_word' id='word_1_1432' title='bbox 1519 2965 1558 2996; x_wconf 87' lang='lat' dir='ltr'>eis</span> <span class='ocrx_word' id='word_1_1433' title='bbox 1572 2963 1630 3001; x_wconf 83' lang='lat' dir='ltr'>est,</span> <span class='ocrx_word' id='word_1_1434' title='bbox 1648 2963 1741 2994; x_wconf 88' lang='lat' dir='ltr'>eidem</span> <span class='ocrx_word' id='word_1_1435' title='bbox 1756 2960 1898 2991; x_wconf 88' lang='lat' dir='ltr'>Provisori</span> <span class='ocrx_word' id='word_1_1436' title='bbox 1915 2960 1961 2992; x_wconf 89' lang='lat' dir='ltr'>seu</span> <span class='ocrx_word' id='word_1_1437' title='bbox 2006 2964 2096 2999; x_wconf 88' lang='lat' dir='ltr'>aptori</span> <span class='ocrx_word' id='word_1_1438' title='bbox 2110 2964 2140 2993; x_wconf 88' lang='lat' dir='ltr'>in</span> <span class='ocrx_word' id='word_1_1439' title='bbox 2159 2964 2212 2995; x_wconf 84' lang='lat' dir='ltr'>hac</span> <span class='ocrx_word' id='word_1_1440' title='bbox 2229 2963 2309 2996; x_wconf 88' lang='lat' dir='ltr'>Parte</span> <span class='ocrx_word' id='word_1_1441' title='bbox 2330 2965 2457 2996; x_wconf 78' lang='lat' dir='ltr'>resistant</span> 
     </span>
     <span class='ocr_line' id='line_1_167' title="bbox 1397 2999 2025 3044; baseline -0.008 -9"><span class='ocrx_word' id='word_1_1442' title='bbox 1397 3004 1528 3044; x_wconf 86' lang='lat' dir='ltr'>quotiens</span> <span class='ocrx_word' id='word_1_1443' title='bbox 1541 3002 1645 3032; x_wconf 89' lang='lat' dir='ltr'>fuerint</span> <span class='ocrx_word' id='word_1_1444' title='bbox 1659 3001 1694 3032; x_wconf 90' lang='lat' dir='ltr'>ad</span> <span class='ocrx_word' id='word_1_1445' title='bbox 1711 3001 1770 3030; x_wconf 89' lang='lat' dir='ltr'>hoc</span> <span class='ocrx_word' id='word_1_1446' title='bbox 1781 2999 1877 3030; x_wconf 87' lang='lat' dir='ltr'>debite</span> <span class='ocrx_word' id='word_1_1447' title='bbox 1892 3000 2025 3038; x_wconf 79' lang='lat' dir='ltr'>requisiti.</span> 
     </span>
    </p>

    <p class='ocr_par' dir='ltr' id='par_1_33' title="bbox 1399 3038 2468 3501">
     <span class='ocr_line' id='line_1_168' title="bbox 1434 3038 2461 3078; baseline 0.002 -6"><span class='ocrx_word' id='word_1_1448' title='bbox 1434 3040 1640 3073; x_wconf 82' lang='lat' dir='ltr'>Conceffimus</span> <span class='ocrx_word' id='word_1_1449' title='bbox 1652 3039 1763 3075; x_wconf 89' lang='lat' dir='ltr'>insuper</span> <span class='ocrx_word' id='word_1_1450' title='bbox 1778 3038 1883 3069; x_wconf 88' lang='lat' dir='ltr'>eisdem</span> <span class='ocrx_word' id='word_1_1451' title='bbox 1891 3048 1969 3069; x_wconf 90' lang='lat' dir='ltr'>nunc</span> <span class='ocrx_word' id='word_1_1452' title='bbox 1978 3038 2086 3078; x_wconf 76' lang='lat' dir='ltr'>custodi</span> <span class='ocrx_word' id='word_1_1453' title='bbox 2092 3038 2130 3075; x_wconf 59' lang='grc' dir='ltr'><strong><em>ὠ</em></strong></span> <span class='ocrx_word' id='word_1_1454' title='bbox 2137 3040 2288 3071; x_wconf 77' lang='lat' dir='ltr'>scolaribus</span> <span class='ocrx_word' id='word_1_1455' title='bbox 2297 3042 2330 3073; x_wconf 76' lang='grc' dir='ltr'>δε</span> <span class='ocrx_word' id='word_1_1456' title='bbox 2342 3042 2461 3074; x_wconf 89' lang='lat' dir='ltr'>Succes-</span> 
     </span>
     <span class='ocr_line' id='line_1_169' title="bbox 1399 3077 2461 3118; baseline -0.001 -6"><span class='ocrx_word' id='word_1_1457' title='bbox 1399 3082 1508 3113; x_wconf 85' lang='lat' dir='ltr'>soribus</span> <span class='ocrx_word' id='word_1_1458' title='bbox 1525 3080 1596 3116; x_wconf 84' lang='lat' dir='ltr'>suis,</span> <span class='ocrx_word' id='word_1_1459' title='bbox 1615 3077 1694 3116; x_wconf 92' lang='lat' dir='ltr'>quod</span> <span class='ocrx_word' id='word_1_1460' title='bbox 1710 3086 1768 3107; x_wconf 88' lang='lat' dir='ltr'>tam</span> <span class='ocrx_word' id='word_1_1461' title='bbox 1782 3077 1831 3114; x_wconf 84' lang='lat' dir='ltr'>ipfi</span> <span class='ocrx_word' id='word_1_1462' title='bbox 1843 3077 2082 3114; x_wconf 87' lang='lat' dir='ltr'>quamTenentes</span> <span class='ocrx_word' id='word_1_1463' title='bbox 2096 3078 2137 3109; x_wconf 89' lang='lat' dir='ltr'>sui</span> <span class='ocrx_word' id='word_1_1464' title='bbox 2150 3080 2288 3118; x_wconf 70' lang='lat' dir='ltr'>predicti,</span> <span class='ocrx_word' id='word_1_1465' title='bbox 2306 3090 2340 3111; x_wconf 87' lang='lat' dir='ltr'>ac</span> <span class='ocrx_word' id='word_1_1466' title='bbox 2350 3081 2461 3112; x_wconf 84' lang='lat' dir='ltr'>Firma-</span> 
     </span>
     <span class='ocr_line' id='line_1_170' title="bbox 1399 3114 2463 3157; baseline 0.001 -7"><span class='ocrx_word' id='word_1_1467' title='bbox 1399 3122 1431 3150; x_wconf 88' lang='lat' dir='ltr'>rii</span> <span class='ocrx_word' id='word_1_1468' title='bbox 1445 3119 1645 3149; x_wconf 89' lang='lat' dir='ltr'>Procuratores</span> <span class='ocrx_word' id='word_1_1469' title='bbox 1657 3115 1754 3146; x_wconf 87' lang='lat' dir='ltr'>Ballivi</span> <span class='ocrx_word' id='word_1_1470' title='bbox 1768 3114 1924 3146; x_wconf 86' lang='lat' dir='ltr'>Servientes</span> <span class='ocrx_word' id='word_1_1471' title='bbox 1941 3116 1974 3147; x_wconf 88' lang='lat'>&amp;</span> <span class='ocrx_word' id='word_1_1472' title='bbox 1983 3114 2107 3148; x_wconf 89' lang='lat' dir='ltr'>Ministri</span> <span class='ocrx_word' id='word_1_1473' title='bbox 2121 3117 2160 3147; x_wconf 91' lang='lat' dir='ltr'>sui</span> <span class='ocrx_word' id='word_1_1474' title='bbox 2173 3118 2307 3157; x_wconf 83' lang='lat' dir='ltr'>prediCti,</span> <span class='ocrx_word' id='word_1_1475' title='bbox 2325 3119 2362 3149; x_wconf 93' lang='lat' dir='ltr'>de</span> <span class='ocrx_word' id='word_1_1476' title='bbox 2375 3121 2408 3151; x_wconf 90' lang='lat'>&amp;</span> <span class='ocrx_word' id='word_1_1477' title='bbox 2418 3120 2463 3151; x_wconf 88' lang='lat' dir='ltr'>su-</span> 
     </span>
     <span class='ocr_line' id='line_1_171' title="bbox 1400 3153 2462 3197; baseline 0.002 -10"><span class='ocrx_word' id='word_1_1478' title='bbox 1400 3167 1449 3197; x_wconf 84' lang='lat' dir='ltr'>pra</span> <span class='ocrx_word' id='word_1_1479' title='bbox 1463 3156 1518 3187; x_wconf 89' lang='lat' dir='ltr'>sola</span> <span class='ocrx_word' id='word_1_1480' title='bbox 1532 3155 1719 3186; x_wconf 81' lang='lat' dir='ltr'>Exhibitione</span> <span class='ocrx_word' id='word_1_1481' title='bbox 1734 3153 1902 3193; x_wconf 89' lang='lat' dir='ltr'>presentium</span> <span class='ocrx_word' id='word_1_1482' title='bbox 1920 3153 2078 3185; x_wconf 88' lang='lat' dir='ltr'>Literarum</span> <span class='ocrx_word' id='word_1_1483' title='bbox 2094 3155 2254 3187; x_wconf 88' lang='lat' dir='ltr'>nostrarum</span> <span class='ocrx_word' id='word_1_1484' title='bbox 2275 3157 2311 3188; x_wconf 88' lang='lat' dir='ltr'>de</span> <span class='ocrx_word' id='word_1_1485' title='bbox 2333 3158 2365 3189; x_wconf 89' lang='lat'>&amp;</span> <span class='ocrx_word' id='word_1_1486' title='bbox 2381 3158 2462 3195; x_wconf 81' lang='lat' dir='ltr'>supet</span> 
     </span>
     <span class='ocr_line' id='line_1_172' title="bbox 1401 3192 2462 3234; baseline 0 -8"><span class='ocrx_word' id='word_1_1487' title='bbox 1401 3196 1538 3228; x_wconf 89' lang='lat' dir='ltr'>omnibus</span> <span class='ocrx_word' id='word_1_1488' title='bbox 1553 3195 1587 3225; x_wconf 89' lang='lat'>&amp;</span> <span class='ocrx_word' id='word_1_1489' title='bbox 1603 3193 1713 3232; x_wconf 81' lang='lat' dir='ltr'>singulis</span> <span class='ocrx_word' id='word_1_1490' title='bbox 1726 3192 1882 3231; x_wconf 86' lang='lat' dir='ltr'>premiffis,</span> <span class='ocrx_word' id='word_1_1491' title='bbox 1901 3193 2005 3230; x_wconf 90' lang='lat' dir='ltr'>absque</span> <span class='ocrx_word' id='word_1_1492' title='bbox 2016 3192 2220 3225; x_wconf 87' lang='lat' dir='ltr'>Prosecutione</span> <span class='ocrx_word' id='word_1_1493' title='bbox 2228 3196 2388 3234; x_wconf 88' lang='lat' dir='ltr'>aliquorum</span> <span class='ocrx_word' id='word_1_1494' title='bbox 2395 3196 2462 3226; x_wconf 87' lang='lat' dir='ltr'>Bre-</span> 
     </span>
     <span class='ocr_line' id='line_1_173' title="bbox 1401 3230 2462 3272; baseline 0 -8"><span class='ocrx_word' id='word_1_1495' title='bbox 1401 3236 1483 3266; x_wconf 91' lang='lat' dir='ltr'>vium</span> <span class='ocrx_word' id='word_1_1496' title='bbox 1498 3231 1665 3263; x_wconf 90' lang='lat' dir='ltr'>nostrorum</span> <span class='ocrx_word' id='word_1_1497' title='bbox 1682 3230 1726 3262; x_wconf 90' lang='lat' dir='ltr'>vel</span> <span class='ocrx_word' id='word_1_1498' title='bbox 1740 3231 1890 3261; x_wconf 86' lang='lat' dir='ltr'>Heredum</span> <span class='ocrx_word' id='word_1_1499' title='bbox 1905 3232 2087 3270; x_wconf 84' lang='lat' dir='ltr'>nostrorum,</span> <span class='ocrx_word' id='word_1_1500' title='bbox 2103 3241 2283 3272; x_wconf 88' lang='lat' dir='ltr'>preterquam</span> <span class='ocrx_word' id='word_1_1501' title='bbox 2305 3235 2341 3266; x_wconf 87' lang='lat' dir='ltr'>ad</span> <span class='ocrx_word' id='word_1_1502' title='bbox 2359 3244 2462 3265; x_wconf 86' lang='lat' dir='ltr'>eorum</span> 
     </span>
     <span class='ocr_line' id='line_1_174' title="bbox 1403 3269 2464 3311; baseline 0 -7"><span class='ocrx_word' id='word_1_1503' title='bbox 1403 3274 1536 3308; x_wconf 89' lang='lat' dir='ltr'>libitum,</span> <span class='ocrx_word' id='word_1_1504' title='bbox 1554 3271 1677 3301; x_wconf 88' lang='lat' dir='ltr'>debitam</span> <span class='ocrx_word' id='word_1_1505' title='bbox 1702 3269 1824 3300; x_wconf 83' lang='lat' dir='ltr'>habeant</span> <span class='ocrx_word' id='word_1_1506' title='bbox 1847 3269 2057 3301; x_wconf 87' lang='lat' dir='ltr'>Allocationem</span> <span class='ocrx_word' id='word_1_1507' title='bbox 2075 3271 2105 3300; x_wconf 88' lang='lat' dir='ltr'>in</span> <span class='ocrx_word' id='word_1_1508' title='bbox 2124 3274 2343 3311; x_wconf 87' lang='lat' dir='ltr'>quibuscunque</span> <span class='ocrx_word' id='word_1_1509' title='bbox 2365 3271 2464 3303; x_wconf 84' lang='lat' dir='ltr'>Curiis</span> 
     </span>
     <span class='ocr_line' id='line_1_175' title="bbox 1404 3309 2465 3348; baseline 0 -6"><span class='ocrx_word' id='word_1_1510' title='bbox 1404 3310 1507 3343; x_wconf 85' lang='lat' dir='ltr'>nostris</span> <span class='ocrx_word' id='word_1_1511' title='bbox 1520 3310 1554 3340; x_wconf 88' lang='lat'>&amp;</span> <span class='ocrx_word' id='word_1_1512' title='bbox 1570 3309 1675 3346; x_wconf 82' lang='lat' dir='ltr'>Locis,</span> <span class='ocrx_word' id='word_1_1513' title='bbox 1693 3317 1750 3338; x_wconf 85' lang='lat' dir='ltr'>tam</span> <span class='ocrx_word' id='word_1_1514' title='bbox 1766 3317 1864 3338; x_wconf 79' lang='lat' dir='ltr'>coram</span> <span class='ocrx_word' id='word_1_1515' title='bbox 1881 3309 1964 3338; x_wconf 90' lang='lat' dir='ltr'>nobis</span> <span class='ocrx_word' id='word_1_1516' title='bbox 1976 3317 2063 3345; x_wconf 88' lang='lat' dir='ltr'>quam</span> <span class='ocrx_word' id='word_1_1517' title='bbox 2076 3319 2175 3340; x_wconf 85' lang='lat' dir='ltr'>coram</span> <span class='ocrx_word' id='word_1_1518' title='bbox 2185 3312 2243 3341; x_wconf 87' lang='lat' dir='ltr'>aliis</span> <span class='ocrx_word' id='word_1_1519' title='bbox 2251 3310 2347 3348; x_wconf 86' lang='lat' dir='ltr'>Ligeis</span> <span class='ocrx_word' id='word_1_1520' title='bbox 2358 3311 2465 3342; x_wconf 83' lang='lat' dir='ltr'>nostris</span> 
     </span>
     <span class='ocr_line' id='line_1_176' title="bbox 1403 3345 2468 3388; baseline 0 -8"><span class='ocrx_word' id='word_1_1521' title='bbox 1403 3348 1632 3388; x_wconf 88' lang='lat' dir='ltr'>quibuscunque,</span> <span class='ocrx_word' id='word_1_1522' title='bbox 1651 3347 1755 3384; x_wconf 87' lang='lat' dir='ltr'>absque</span> <span class='ocrx_word' id='word_1_1523' title='bbox 1769 3346 1948 3377; x_wconf 85' lang='lat' dir='ltr'>Difficultate</span> <span class='ocrx_word' id='word_1_1524' title='bbox 1967 3345 2013 3376; x_wconf 89' lang='lat' dir='ltr'>seu</span> <span class='ocrx_word' id='word_1_1525' title='bbox 2029 3346 2268 3380; x_wconf 73' lang='lat' dir='ltr'>Contradiffione</span> <span class='ocrx_word' id='word_1_1526' title='bbox 2283 3357 2468 3387; x_wconf 67' lang='lat' dir='ltr'>quacunque,</span> 
     </span>
     <span class='ocr_line' id='line_1_177' title="bbox 1406 3383 2468 3427; baseline -0.001 -8"><span class='ocrx_word' id='word_1_1527' title='bbox 1406 3389 1501 3427; x_wconf 84' lang='lat' dir='ltr'>aliquo</span> <span class='ocrx_word' id='word_1_1528' title='bbox 1517 3386 1630 3417; x_wconf 86' lang='lat' dir='ltr'>Statuto</span> <span class='ocrx_word' id='word_1_1529' title='bbox 1643 3384 1833 3416; x_wconf 86' lang='lat' dir='ltr'>Ordinatione</span> <span class='ocrx_word' id='word_1_1530' title='bbox 1846 3383 1892 3415; x_wconf 89' lang='lat' dir='ltr'>seu</span> <span class='ocrx_word' id='word_1_1531' title='bbox 1907 3383 2075 3416; x_wconf 85' lang='lat' dir='ltr'>Provifione</span> <span class='ocrx_word' id='word_1_1532' title='bbox 2084 3395 2148 3418; x_wconf 86' lang='lat' dir='ltr'>ante</span> <span class='ocrx_word' id='word_1_1533' title='bbox 2163 3388 2216 3418; x_wconf 90' lang='lat' dir='ltr'>hec</span> <span class='ocrx_word' id='word_1_1534' title='bbox 2233 3395 2360 3423; x_wconf 89' lang='lat' dir='ltr'>tempora</span> <span class='ocrx_word' id='word_1_1535' title='bbox 2373 3387 2468 3426; x_wconf 59' lang='lat' dir='ltr'>facitis,</span> 
     </span>
     <span class='ocr_line' id='line_1_178' title="bbox 1409 3422 2466 3464; baseline -0.003 -5"><span class='ocrx_word' id='word_1_1536' title='bbox 1409 3435 1456 3458; x_wconf 82' lang='lat' dir='ltr'>aut</span> <span class='ocrx_word' id='word_1_1537' title='bbox 1468 3426 1520 3457; x_wconf 87' lang='lat' dir='ltr'>alia</span> <span class='ocrx_word' id='word_1_1538' title='bbox 1540 3424 1587 3455; x_wconf 89' lang='lat' dir='ltr'>Re</span> <span class='ocrx_word' id='word_1_1539' title='bbox 1602 3423 1693 3454; x_wconf 87' lang='lat' dir='ltr'>Causa</span> <span class='ocrx_word' id='word_1_1540' title='bbox 1711 3423 1757 3454; x_wconf 93' lang='lat' dir='ltr'>vel</span> <span class='ocrx_word' id='word_1_1541' title='bbox 1776 3422 1894 3454; x_wconf 86' lang='lat' dir='ltr'>Materia</span> <span class='ocrx_word' id='word_1_1542' title='bbox 1910 3433 2078 3462; x_wconf 89' lang='lat' dir='ltr'>quacunque</span> <span class='ocrx_word' id='word_1_1543' title='bbox 2095 3435 2155 3456; x_wconf 89' lang='lat' dir='ltr'>non</span> <span class='ocrx_word' id='word_1_1544' title='bbox 2173 3424 2364 3464; x_wconf 83' lang='lat' dir='ltr'>obstantibus,</span> <span class='ocrx_word' id='word_1_1545' title='bbox 2379 3436 2466 3463; x_wconf 86' lang='lat' dir='ltr'>prout</span> 
     </span>
     <span class='ocr_line' id='line_1_179' title="bbox 1410 3460 2355 3501; baseline -0.005 -5"><span class='ocrx_word' id='word_1_1546' title='bbox 1410 3467 1440 3497; x_wconf 91' lang='lat' dir='ltr'>in</span> <span class='ocrx_word' id='word_1_1547' title='bbox 1455 3464 1556 3494; x_wconf 87' lang='lat' dir='ltr'>Literis</span> <span class='ocrx_word' id='word_1_1548' title='bbox 1571 3464 1603 3494; x_wconf 72' lang='grc' dir='ltr'>ὃ(</span> <span class='ocrx_word' id='word_1_1549' title='bbox 1619 3460 1896 3492; x_wconf 77' lang='lat' dir='ltr'>Confirmationibus</span> <span class='ocrx_word' id='word_1_1550' title='bbox 1912 3462 2042 3500; x_wconf 67' lang='lat' dir='ltr'>predic‘ris</span> <span class='ocrx_word' id='word_1_1551' title='bbox 2057 3464 2167 3501; x_wconf 90' lang='lat' dir='ltr'>plenius</span> <span class='ocrx_word' id='word_1_1552' title='bbox 2180 3463 2355 3493; x_wconf 86' lang='lat' dir='ltr'>continetur.</span> 
     </span>
    </p>

    <p class='ocr_par' dir='ltr' id='par_1_34' title="bbox 1407 3499 2474 3886">
     <span class='ocr_line' id='line_1_180' title="bbox 1448 3499 2468 3540; baseline 0.001 -7"><span class='ocrx_word' id='word_1_1553' title='bbox 1448 3502 1541 3533; x_wconf 88' lang='lat' dir='ltr'>Vobis</span> <span class='ocrx_word' id='word_1_1554' title='bbox 1558 3500 1726 3532; x_wconf 84' lang='lat' dir='ltr'>mandamus</span> <span class='ocrx_word' id='word_1_1555' title='bbox 1752 3499 1831 3538; x_wconf 86' lang='lat' dir='ltr'>quod</span> <span class='ocrx_word' id='word_1_1556' title='bbox 1851 3510 1930 3531; x_wconf 90' lang='lat' dir='ltr'>nunc</span> <span class='ocrx_word' id='word_1_1557' title='bbox 1952 3500 2092 3540; x_wconf 81' lang='lat' dir='ltr'>Custodem</span> <span class='ocrx_word' id='word_1_1558' title='bbox 2109 3501 2147 3536; x_wconf 66' lang='grc' dir='ltr'>ό·</span> <span class='ocrx_word' id='word_1_1559' title='bbox 2176 3500 2332 3538; x_wconf 83' lang='lat' dir='ltr'>Scholares,</span> <span class='ocrx_word' id='word_1_1560' title='bbox 2351 3512 2468 3534; x_wconf 89' lang='lat' dir='ltr'>necnon</span> 
     </span>
     <span class='ocr_line' id='line_1_181' title="bbox 1409 3538 2468 3578; baseline -0.002 -5"><span class='ocrx_word' id='word_1_1561' title='bbox 1409 3542 1573 3577; x_wconf 88' lang='lat' dir='ltr'>Tenentes,</span> <span class='ocrx_word' id='word_1_1562' title='bbox 1592 3547 1651 3570; x_wconf 91' lang='lat' dir='ltr'>tam</span> <span class='ocrx_word' id='word_1_1563' title='bbox 1666 3538 2035 3577; x_wconf 86' lang='lat' dir='ltr'>integreTenentes‚quam</span> <span class='ocrx_word' id='word_1_1564' title='bbox 2045 3549 2105 3569; x_wconf 89' lang='lat' dir='ltr'>non</span> <span class='ocrx_word' id='word_1_1565' title='bbox 2120 3540 2226 3577; x_wconf 86' lang='lat' dir='ltr'>integre</span> <span class='ocrx_word' id='word_1_1566' title='bbox 2233 3539 2468 3578; x_wconf 88' lang='lat' dir='ltr'>Tenentes,Re-</span> 
     </span>
     <span class='ocr_line' id='line_1_182' title="bbox 1410 3576 2472 3615; baseline -0.001 -3"><span class='ocrx_word' id='word_1_1567' title='bbox 1410 3581 1530 3611; x_wconf 87' lang='lat' dir='ltr'>fidentes</span> <span class='ocrx_word' id='word_1_1568' title='bbox 1546 3578 1580 3608; x_wconf 70' lang='grc' dir='ltr'>ὃς</span> <span class='ocrx_word' id='word_1_1569' title='bbox 1599 3587 1660 3607; x_wconf 89' lang='lat' dir='ltr'>non</span> <span class='ocrx_word' id='word_1_1570' title='bbox 1679 3576 1862 3615; x_wconf 83' lang='lat' dir='ltr'>Residentes,</span> <span class='ocrx_word' id='word_1_1571' title='bbox 1884 3587 1918 3608; x_wconf 93' lang='lat' dir='ltr'>ac</span> <span class='ocrx_word' id='word_1_1572' title='bbox 1939 3577 2089 3608; x_wconf 90' lang='lat' dir='ltr'>Firmarios</span> <span class='ocrx_word' id='word_1_1573' title='bbox 2114 3576 2233 3609; x_wconf 88' lang='lat' dir='ltr'>Ballivos</span> <span class='ocrx_word' id='word_1_1574' title='bbox 2254 3576 2412 3610; x_wconf 88' lang='lat' dir='ltr'>Servientes</span> <span class='ocrx_word' id='word_1_1575' title='bbox 2436 3581 2472 3611; x_wconf 87' lang='lat'>&amp;</span> 
     </span>
     <span class='ocr_line' id='line_1_183' title="bbox 1410 3615 2470 3654; baseline -0.001 -5"><span class='ocrx_word' id='word_1_1576' title='bbox 1410 3617 1564 3650; x_wconf 87' lang='lat' dir='ltr'>Ministros</span> <span class='ocrx_word' id='word_1_1577' title='bbox 1578 3616 1640 3647; x_wconf 81' lang='lat' dir='ltr'>suos</span> <span class='ocrx_word' id='word_1_1578' title='bbox 1656 3615 1840 3654; x_wconf 85' lang='lat' dir='ltr'>quoscunque</span> <span class='ocrx_word' id='word_1_1579' title='bbox 1855 3616 1902 3646; x_wconf 91' lang='lat' dir='ltr'>vel</span> <span class='ocrx_word' id='word_1_1580' title='bbox 1911 3615 2024 3653; x_wconf 84' lang='lat' dir='ltr'>alicujus</span> <span class='ocrx_word' id='word_1_1581' title='bbox 2035 3615 2211 3653; x_wconf 79' lang='lat' dir='ltr'>eorundem,</span> <span class='ocrx_word' id='word_1_1582' title='bbox 2229 3617 2407 3648; x_wconf 84' lang='lat' dir='ltr'>omnibus&amp;</span> <span class='ocrx_word' id='word_1_1583' title='bbox 2416 3618 2470 3648; x_wconf 80' lang='lat' dir='ltr'>fin-</span> 
     </span>
     <span class='ocr_line' id='line_1_184' title="bbox 1408 3653 2467 3697; baseline 0.001 -10"><span class='ocrx_word' id='word_1_1584' title='bbox 1408 3657 1480 3697; x_wconf 86' lang='lat' dir='ltr'>gulis</span> <span class='ocrx_word' id='word_1_1585' title='bbox 1498 3655 1686 3685; x_wconf 84' lang='lat' dir='ltr'>Libertatibus</span> <span class='ocrx_word' id='word_1_1586' title='bbox 1700 3654 1733 3684; x_wconf 92' lang='lat'>&amp;</span> <span class='ocrx_word' id='word_1_1587' title='bbox 1748 3654 1881 3692; x_wconf 56' lang='lat' dir='ltr'>predictis</span> <span class='ocrx_word' id='word_1_1588' title='bbox 1895 3653 2016 3690; x_wconf 88' lang='lat' dir='ltr'>gaudere</span> <span class='ocrx_word' id='word_1_1589' title='bbox 2034 3653 2075 3684; x_wconf 89' lang='lat' dir='ltr'>uti</span> <span class='ocrx_word' id='word_1_1590' title='bbox 2092 3654 2125 3685; x_wconf 74' lang='grc' dir='ltr'>δε</span> <span class='ocrx_word' id='word_1_1591' title='bbox 2146 3654 2267 3691; x_wconf 89' lang='lat' dir='ltr'>habere,</span> <span class='ocrx_word' id='word_1_1592' title='bbox 2286 3655 2413 3694; x_wconf 88' lang='lat' dir='ltr'>ipsosque</span> <span class='ocrx_word' id='word_1_1593' title='bbox 2431 3658 2467 3688; x_wconf 91' lang='lat'>&amp;</span> 
     </span>
     <span class='ocr_line' id='line_1_185' title="bbox 1407 3691 2469 3733; baseline -0.002 -7"><span class='ocrx_word' id='word_1_1594' title='bbox 1407 3703 1507 3727; x_wconf 86' lang='lat' dir='ltr'>eorum</span> <span class='ocrx_word' id='word_1_1595' title='bbox 1523 3693 1680 3732; x_wconf 87' lang='lat' dir='ltr'>quemlibet</span> <span class='ocrx_word' id='word_1_1596' title='bbox 1691 3693 1727 3723; x_wconf 92' lang='lat' dir='ltr'>ab</span> <span class='ocrx_word' id='word_1_1597' title='bbox 1741 3694 1876 3723; x_wconf 90' lang='lat' dir='ltr'>omnibus</span> <span class='ocrx_word' id='word_1_1598' title='bbox 1890 3693 1924 3723; x_wconf 88' lang='lat'>&amp;</span> <span class='ocrx_word' id='word_1_1599' title='bbox 1939 3691 2051 3730; x_wconf 89' lang='lat' dir='ltr'>singulis</span> <span class='ocrx_word' id='word_1_1600' title='bbox 2065 3691 2201 3729; x_wconf 74' lang='lat' dir='ltr'>premissis</span> <span class='ocrx_word' id='word_1_1601' title='bbox 2210 3693 2243 3723; x_wconf 73' lang='grc' dir='ltr'>δε</span> <span class='ocrx_word' id='word_1_1602' title='bbox 2257 3702 2360 3724; x_wconf 87' lang='lat' dir='ltr'>eorum</span> <span class='ocrx_word' id='word_1_1603' title='bbox 2375 3696 2469 3733; x_wconf 88' lang='lat' dir='ltr'>quoli-</span> 
     </span>
     <span class='ocr_line' id='line_1_186' title="bbox 1409 3730 2474 3771; baseline -0.006 -7"><span class='ocrx_word' id='word_1_1604' title='bbox 1409 3735 1457 3764; x_wconf 91' lang='lat' dir='ltr'>bet</span> <span class='ocrx_word' id='word_1_1605' title='bbox 1475 3733 1585 3771; x_wconf 84' lang='lat' dir='ltr'>quietos</span> <span class='ocrx_word' id='word_1_1606' title='bbox 1600 3732 1632 3762; x_wconf 87' lang='lat'>&amp;</span> <span class='ocrx_word' id='word_1_1607' title='bbox 1647 3741 1813 3762; x_wconf 80' lang='lat' dir='ltr'>exoneratos</span> <span class='ocrx_word' id='word_1_1608' title='bbox 1829 3731 1888 3762; x_wconf 84' lang='lat' dir='ltr'>effe</span> <span class='ocrx_word' id='word_1_1609' title='bbox 1907 3731 2088 3767; x_wconf 86' lang='lat' dir='ltr'>permittatis,</span> <span class='ocrx_word' id='word_1_1610' title='bbox 2105 3730 2184 3766; x_wconf 82' lang='lat' dir='ltr'>juxta</span> <span class='ocrx_word' id='word_1_1611' title='bbox 2193 3730 2341 3763; x_wconf 90' lang='lat' dir='ltr'>Tenorem</span> <span class='ocrx_word' id='word_1_1612' title='bbox 2352 3732 2474 3765; x_wconf 87' lang='lat' dir='ltr'>Littera..</span> 
     </span>
     <span class='ocr_line' id='line_1_187' title="bbox 1409 3768 2470 3810; baseline -0.001 -7"><span class='ocrx_word' id='word_1_1613' title='bbox 1409 3781 1473 3803; x_wconf 87' lang='lat' dir='ltr'>rum</span> <span class='ocrx_word' id='word_1_1614' title='bbox 1493 3771 1526 3802; x_wconf 91' lang='lat'>&amp;</span> <span class='ocrx_word' id='word_1_1615' title='bbox 1546 3770 1809 3800; x_wconf 83' lang='lat' dir='ltr'>Confirmationum</span> <span class='ocrx_word' id='word_1_1616' title='bbox 1831 3769 2052 3807; x_wconf 58' lang='lat' dir='ltr'>praedistarurm</span> <span class='ocrx_word' id='word_1_1617' title='bbox 2070 3768 2132 3804; x_wconf 79' lang='lat' dir='ltr'>ipsis</span> <span class='ocrx_word' id='word_1_1618' title='bbox 2151 3768 2197 3798; x_wconf 90' lang='lat' dir='ltr'>seu</span> <span class='ocrx_word' id='word_1_1619' title='bbox 2221 3779 2323 3800; x_wconf 84' lang='lat' dir='ltr'>eorum</span> <span class='ocrx_word' id='word_1_1620' title='bbox 2346 3772 2470 3810; x_wconf 88' lang='lat' dir='ltr'>aliquem</span> 
     </span>
     <span class='ocr_line' id='line_1_188' title="bbox 1409 3805 2470 3841; baseline 0 -1"><span class='ocrx_word' id='word_1_1621' title='bbox 1409 3819 1510 3841; x_wconf 85' lang='lat' dir='ltr'>contra</span> <span class='ocrx_word' id='word_1_1622' title='bbox 1523 3808 1673 3839; x_wconf 88' lang='lat' dir='ltr'>Tenorem</span> <span class='ocrx_word' id='word_1_1623' title='bbox 1689 3808 1761 3839; x_wconf 90' lang='lat' dir='ltr'>Vim</span> <span class='ocrx_word' id='word_1_1624' title='bbox 1778 3808 1917 3839; x_wconf 88' lang='lat' dir='ltr'>Formam</span> <span class='ocrx_word' id='word_1_1625' title='bbox 1930 3807 1964 3838; x_wconf 89' lang='lat'>&amp;</span> <span class='ocrx_word' id='word_1_1626' title='bbox 1979 3805 2129 3837; x_wconf 67' lang='lat' dir='ltr'>Effestum</span> <span class='ocrx_word' id='word_1_1627' title='bbox 2144 3807 2299 3839; x_wconf 84' lang='lat' dir='ltr'>earundem</span> <span class='ocrx_word' id='word_1_1628' title='bbox 2318 3819 2379 3841; x_wconf 89' lang='lat' dir='ltr'>non</span> <span class='ocrx_word' id='word_1_1629' title='bbox 2403 3819 2470 3840; x_wconf 90' lang='lat' dir='ltr'>mo-</span> 
     </span>
     <span class='ocr_line' id='line_1_189' title="bbox 1408 3846 1921 3886; baseline -0.006 -6"><span class='ocrx_word' id='word_1_1630' title='bbox 1408 3848 1538 3881; x_wconf 85' lang='lat' dir='ltr'>lestantes</span> <span class='ocrx_word' id='word_1_1631' title='bbox 1547 3848 1577 3878; x_wconf 88' lang='lat' dir='ltr'>in</span> <span class='ocrx_word' id='word_1_1632' title='bbox 1591 3847 1690 3886; x_wconf 89' lang='lat' dir='ltr'>aliquo</span> <span class='ocrx_word' id='word_1_1633' title='bbox 1704 3846 1751 3879; x_wconf 86' lang='lat' dir='ltr'>seu</span> <span class='ocrx_word' id='word_1_1634' title='bbox 1766 3855 1921 3886; x_wconf 85' lang='lat' dir='ltr'>gravantes-</span> 
     </span>
    </p>
   </div>
   <div class='ocr_carea' id='block_1_25' title="bbox 1450 3920 2480 4024">
    <p class='ocr_par' dir='ltr' id='par_1_35' title="bbox 1450 3920 2480 4024">
     <span class='ocr_line' id='line_1_190' title="bbox 1450 3920 2459 3964; baseline -0.002 -7"><span class='ocrx_word' id='word_1_1635' title='bbox 1450 3922 1543 3957; x_wconf 80' lang='lat' dir='ltr'>Teste</span> <span class='ocrx_word' id='word_1_1636' title='bbox 1559 3923 1646 3964; x_wconf 86' lang='lat' dir='ltr'>Rege</span> <span class='ocrx_word' id='word_1_1637' title='bbox 1662 3922 1738 3963; x_wconf 83' lang='lat' dir='ltr'>apud</span> <span class='ocrx_word' id='word_1_1638' title='bbox 1755 3920 2038 3963; x_wconf 70' lang='lat' dir='ltr'>Wstmouasterium,</span> <span class='ocrx_word' id='word_1_1639' title='bbox 2051 3921 2191 3955; x_wconf 75' lang='lat' dir='ltr'>undecimo</span> <span class='ocrx_word' id='word_1_1640' title='bbox 2208 3926 2266 3955; x_wconf 85' lang='lat' dir='ltr'>Die</span> <span class='ocrx_word' id='word_1_1641' title='bbox 2278 3925 2459 3958; x_wconf 65' lang='lat' dir='ltr'>Novembris.‘</span> 
     </span>
     <span class='ocr_line' id='line_1_191' title="bbox 2435 3995 2480 4024; baseline 0.022 -1"><span class='ocrx_word' id='word_1_1642' title='bbox 2435 3995 2480 4024; x_wconf 83' lang='lat' dir='ltr'>De</span> 
     </span>
    </p>
   </div>
   <div class='ocr_carea' id='block_1_26' title="bbox 1365 128 2536 286">
    <p class='ocr_par' dir='ltr' id='par_1_36' title="bbox 2449 128 2536 199">
     <span class='ocr_line' id='line_1_192' title="bbox 2449 128 2536 169; baseline 0 -9"><span class='ocrx_word' id='word_1_1643' title='bbox 2449 128 2536 169; x_wconf 77' lang='lat' dir='ltr'>Ann.]</span> 
     </span>
     <span class='ocr_line' id='line_1_193' title="bbox 2466 168 2536 199; baseline -0.014 0"><span class='ocrx_word' id='word_1_1644' title='bbox 2466 168 2536 199; x_wconf 66' lang='lat'>162⁶</span> 
     </span>
    </p>

    <p class='ocr_par' dir='ltr' id='par_1_37' title="bbox 1365 205 2536 286">
     <span class='ocr_line' id='line_1_194' title="bbox 1402 205 2534 250; baseline 0.005 -16"><span class='ocrx_word' id='word_1_1645' title='bbox 1402 207 1446 235; x_wconf 86' lang='lat' dir='ltr'>Et</span> <span class='ocrx_word' id='word_1_1646' title='bbox 1453 213 1522 243; x_wconf 78' lang='lat' dir='ltr'>pour</span> <span class='ocrx_word' id='word_1_1647' title='bbox 1538 205 1643 238; x_wconf 86' lang='lat' dir='ltr'>donner</span> <span class='ocrx_word' id='word_1_1648' title='bbox 1660 217 1753 237; x_wconf 82' lang='lat' dir='ltr'>encore</span> <span class='ocrx_word' id='word_1_1649' title='bbox 1767 207 1800 237; x_wconf 84' lang='lat' dir='ltr'>de</span> <span class='ocrx_word' id='word_1_1650' title='bbox 1814 206 1878 246; x_wconf 84' lang='lat' dir='ltr'>plus</span> <span class='ocrx_word' id='word_1_1651' title='bbox 1887 207 2008 245; x_wconf 80' lang='lat' dir='ltr'>grandes</span> <span class='ocrx_word' id='word_1_1652' title='bbox 2028 216 2153 249; x_wconf 79' lang='lat' dir='ltr'>marques</span> <span class='ocrx_word' id='word_1_1653' title='bbox 2177 207 2211 238; x_wconf 87' lang='lat' dir='ltr'>de</span> <span class='ocrx_word' id='word_1_1654' title='bbox 2225 215 2304 240; x_wconf 72' lang='lat' dir='ltr'>notre</span> <span class='ocrx_word' id='word_1_1655' title='bbox 2315 207 2428 250; x_wconf 76' lang='lat' dir='ltr'>faveoer</span> <span class='ocrx_word' id='word_1_1656' title='bbox 2445 210 2500 235; x_wconf 78' lang='lat' dir='ltr'>An·</span> <span class='ocrx_word' id='word_1_1657' title='bbox 2519 217 2534 235; x_wconf 90' lang='lat'>2</span> 
     </span>
     <span class='ocr_line' id='line_1_195' title="bbox 1365 243 2536 286; baseline 0.005 -13"><span class='ocrx_word' id='word_1_1658' title='bbox 1365 254 1465 273; x_wconf 82' lang='lat' dir='ltr'>envers</span> <span class='ocrx_word' id='word_1_1659' title='bbox 1482 243 1574 283; x_wconf 71' lang='lat' dir='ltr'>lesdits</span> <span class='ocrx_word' id='word_1_1660' title='bbox 1595 249 1678 284; x_wconf 79' lang='lat' dir='ltr'>Rois,</span> <span class='ocrx_word' id='word_1_1661' title='bbox 1693 248 1805 276; x_wconf 84' lang='lat' dir='ltr'>Princes</span> <span class='ocrx_word' id='word_1_1662' title='bbox 1827 245 1864 281; x_wconf 86' lang='lat'><em>&amp;</em></span> <span class='ocrx_word' id='word_1_1663' title='bbox 1882 249 2091 283; x_wconf 86' lang='lat' dir='ltr'>Gouverneurs,</span> <span class='ocrx_word' id='word_1_1664' title='bbox 2110 245 2134 275; x_wconf 83' lang='lat' dir='ltr'>il</span> <span class='ocrx_word' id='word_1_1665' title='bbox 2147 243 2212 284; x_wconf 83' lang='lat' dir='ltr'>sera</span> <span class='ocrx_word' id='word_1_1666' title='bbox 2229 251 2330 286; x_wconf 83' lang='lat' dir='ltr'>permis</span> <span class='ocrx_word' id='word_1_1667' title='bbox 2346 248 2428 279; x_wconf 79' lang='lat' dir='ltr'>audit</span> <span class='ocrx_word' id='word_1_1668' title='bbox 2445 249 2510 274; x_wconf 74' lang='lat' dir='ltr'>Car·</span> <span class='ocrx_word' id='word_1_1669' title='bbox 2531 255 2536 274; x_wconf 82' lang='lat'><strong>¹</strong></span> 
     </span>
    </p>
   </div>
  </div>
 </body>
</html>
