2536 4255
704 122 817 164 ET
900 125 1173 168 ACTA

0 207 76 240 Ann.
87 203 130 236 D.
145 208 337 248 eoncei‘ierit3
357 207 426 239 Nos
442 208 544 247 igitur,
564 206 614 247 qui
628 215 672 239 tot
683 209 718 240 &
734 216 820 240 tantas
835 207 965 241 heroicas
988 212 1022 243 ὃς
1041 223 1110 256 vere
1126 212 1212 242 nobi-

17 247 101 283 1625-
145 249 185 278 les
200 248 326 278 Virtutes
340 248 370 277 in
385 247 507 278 Persona
521 247 592 278 dieti
607 246 746 278 Edmundi
762 249 875 278 Domini
889 249 1020 289 Sheffiild
1040 251 1209 293 conjunctas

0 287 50 313 An.
66 293 87 310 ῐ-
145 287 203 317 esse
219 286 346 318 vidimus
358 309 369 324 ,
394 296 501 325 equum
517 308 527 324 ,
556 287 590 316 ὃ(
605 284 815 323 magnificentie
837 286 932 317 nostre
952 289 1044 328 Regie
1059 296 1206 320 contenta-

0 326 58 351 ΒΜ·
76 332 98 351 Ξ·
145 336 234 356 neum
256 325 313 356 esse
333 325 467 356 duximus
487 333 518 354 ut
539 324 618 353 hunc
639 323 776 354 illustrem
794 323 894 355 Virum
917 327 948 356 in
971 328 1138 360 Numerum
1153 328 1210 358 cla-

143 363 323 397 riffimorum
339 364 420 402 hujus
431 362 533 400 Regni
547 361 638 392 nostri
651 361 806 392 Comitum
818 364 1015 405 eveheremus.

182 403 284 434 Sciatis
303 404 387 441 igitur
408 401 578 441 quodnos,
596 399 632 430 de
652 399 756 430 Gratia
771 401 864 432 nostra
885 405 1015 442 speciali,
1033 415 1066 436 ac
1080 415 1114 436 ex
1131 413 1208 436 certa

140 440 270 472 Scienti'a
292 442 326 472 &
348 450 430 470 mero
451 437 542 469 Motu
566 437 684 475 nostris,
702 439 844 475 prefatum
864 441 1042 473 Edmuna'um
1062 443 1206 483 Sheffiild,

137 480 298 520 prenobilis
314 478 432 509 Ordinis
448 475 574 506 Garterii
588 476 717 507 Militem
734 476 874 507 Batonem
888 479 1016 518 Sheffbild
1038 483 1070 511 de
1090 486 1208 512 Butter-

138 520 228 549 wicke
271 518 306 549 ad
326 517 438 547 Statum
465 514 600 544 Gradurn
620 514 800 553 Dignitatem
822 517 856 546 ὃς
872 516 1027 549 Honorem
1047 524 1158 550 Comitis
1173 521 1205 550 de

141 542 297 595 Mulgr'ave
319 556 348 584 in
370 553 521 584 Comitatu
542 552 640 583 nostro
666 553 790 583 Eburum
817 556 956 586 ereximus
977 557 1148 597 prefecimus
1172 561 1206 590 &

141 596 321 631 creavimus,
338 592 488 630 ipsumque
501 592 676 621 Edmundum
689 596 819 622 Comitem
839 594 871 623 de
889 595 1040 632 Mulgrave
1064 597 1207 635 predicta,

139 635 277 672 erigimus
291 631 457 670 preficimus
471 631 504 661 &
520 640 666 669 creamu5‚
684 640 734 668 per
750 631 1072 672 Presentes,eidemque
1081 636 1208 664 Edmusi-

140 672 176 703 do
189 670 315 702 Nomen
328 669 442 700 Statum
457 668 593 700 Gradum
607 668 712 699 Stilum
728 668 916 707 Dignitatem
939 672 1076 704 Titulum
1094 674 1127 703 &
1143 673 1208 703 Ho-

141 719 248 742 norem
262 711 375 739 Comitis
387 709 419 738 de
437 707 590 745 Mulgrave
607 708 947 746 predicta,impoiniinus
963 711 1092 742 dedimus
1103 712 1135 742 δε
1144 721 1209 756 pre-

141 747 276 785 buimus‚
295 758 329 778 ac
345 757 395 785 per
412 747 559 778 Presentes
575 747 750 783 imponimus
765 746 865 778 damus
880 749 913 779 δε
928 750 1149 793 ρτεὸεωυε,,εε
1165 760 1210 795 ip-

144 786 209 819 sum
222 787 400 816 Edmuna'um
417 784 577 823 hujusmodi
592 785 726 814 Nomine
739 784 819 816 Statu
832 787 936 818 Titulo
954 787 1057 819 Gradu
1071 789 1143 819 Stilo
1154 788 1207 819 Di-

140 826 253 864 gnitate
268 827 303 858 &
317 824 445 855 Honore
458 827 569 853 Comitis
582 823 614 852 de
629 822 783 860 Mulgra-ve
800 825 944 864 predifflr,
965 836 1015 864 per
1031 827 1127 856 Gladii
1150 832 1209 857 cin-

141 865 269 901 o‘luram,
282 868 355 903 Cape
376 861 546 896 Honoris&
559 861 651 891 circuli
670 865 761 891 Aurei
782 862 1020 906 impositionem,
1043 866 1212 904 inlignimus

143 902 316 934 investimus
329 903 362 933 &
378 902 486 931 realiter
500 899 685 931 nobilitamus
700 911 749 940 per
772 900 925 934 Preientes.
1191 944 1197 950 ·

183 941 365 972 Habendum
379 942 412 972 &
427 938 586 970 tenendum
600 939 726 969 Nomen
743 940 854 971 Statum
877 941 1010 973 Gradum
1034 942 1137 974 Stilum
1156 943 1212 973 Di-

142 981 286 1020 gnitatem
312 979 448 1009 Titulum
468 979 502 1009 &
524 976 683 1008 Honorem
707 982 817 1009 Coiiiitis
837 980 870 1010 de
893 981 1047 1018 Mulgrave
1068 982 1213 1020 predicta,

145 1028 217 1050 curn
236 1018 374 1049 omnibus
398 1019 432 1048 ὃς
455 1016 569 1056 singulis
592 1016 832 1048 Preheminentiis
845 1018 1035 1056 Honoribus,
1060 1020 1214 1057 ceterisque

145 1056 309 1096 hujusmodi
328 1055 456 1086 Nomini
472 1056 563 1086 Statu'i
581 1056 691 1086 Gradui
715 1056 788 1086 Stilo
812 1056 957 1095 Dignitati
973 1058 1077 1088 Titulo
1093 1059 1126 1088 ὃς
1145 1058 1214 1088 Ho-

145 1097 213 1127 nori
236 1095 364 1126 Comitis
383 1095 590 1134 pertinentibus
610 1094 666 1124 {ive
686 1094 874 1132 speritantibus
891 1118 901 1132 ,
939 1095 1050 1138 prefato
1068 1096 1213 1141 Edmuna'o

145 1136 182 1168 &
203 1133 370 1166 Heredibus
394 1133 532 1165 Masculis
561 1133 598 1163 de
623 1131 758 1171 Corpore
789 1131 840 1162 suo
874 1136 1043 1165 exeuntibus
1072 1145 1216 1174 imperpe—

147 1182 244 1206 tuum.
1017 1213 1022 1218 ,
1157 1213 1162 1218 ,

189 1213 343 1249 Volentes,
369 1221 403 1242 ac
426 1220 477 1249 per
498 1209 644 1241 presentes
663 1208 857 1241 concedentes
876 1220 930 1248 pro
952 1212 1036 1241 nobis
1052 1212 1217 1244 Heredibus

146 1252 183 1283 &
206 1251 424 1282 Succefforibus
446 1249 569 1287 nostris,
595 1249 676 1286 quod
699 1247 843 1285 predietus
858 1249 1019 1280 Edmundus
1040 1252 1073 1282 &
1087 1250 1217 1282 Heredes

145 1289 188 1321 sui
203 1290 327 1320 Masculi
341 1289 480 1327 predicti,
500 1287 624 1318 Nomen
637 1289 750 1317 Statum
767 1286 898 1329 Qradum
913 1288 1018 1319 Stilum
1034 1289 1218 1327 Dignitatem

148 1329 287 1360 Titulum
314 1329 347 1359 ὃς
370 1327 523 1358 Honorem
539 1325 663 1362 predicta
679 1324 833 1356 succeffive
848 1336 946 1363 gerant
969 1328 1003 1358 &
1027 1329 1165 1366 habeant,
1184 1331 1218 1360 &

150 1377 257 1399 eorum
275 1366 396 1405 quilibet
411 1372 485 1403 gerat
501 1365 534 1395 &
552 1365 670 1401 habeat,
690 1364 723 1394 ὃς
739 1373 789 1403 per
805 1364 931 1396 Nomen
954 1370 1066 1396 Comitis
1087 1367 1119 1396 de
1141 1367 1220 1397 Mul-
1261 1372 1293 1401 &

144 1417 238 1445 grave
252 1404 378 1444 predicta
394 1403 559 1434 vocitentur
574 1403 607 1433 ὃς
623 1411 839 1441 nuncupentur,
861 1406 894 1435 ὃ(
910 1406 1027 1442 quilibet
1045 1416 1145 1436 eorum
1160 1417 1217 1451 vo7

149 1446 254 1476 citetur
267 1445 303 1475 ὃς
327 1450 526 1479 iiuncupetur3
548 1440 584 1471 Et
609 1441 687 1479 quod
703 1442 782 1471 idem
805 1443 965 1473 Edmundus
985 1445 1018 1474 &
1035 1444 1163 1476 Heredes
1177 1446 1217 1476 sui

147 1481 276 1516 Masculi
294 1480 432 1519 predicti,
448 1479 603 1510 succeffive
618 1483 734 1510 Comites
748 1480 779 1510 de
794 1482 945 1519 Mulgrave
967 1483 1091 1521 predicti
1109 1486 1137 1513 in
1153 1494 1219 1514 orn-

148 1522 234 1553 nibus
248 1529 413 1558 teneantur,
428 1520 461 1550 &
477 1528 508 1550 ut
522 1517 657 1550 Comites
671 1520 828 1550 tractentur
842 1522 874 1552 ὅς
890 1524 1219 1560 reputentur,&eorum

147 1555 271 1599 quilibet
293 1569 418 1592 teneatur
440 1558 577 1589 tractetur
601 1558 633 1589 ὃς
656 1566 818 1597 reputetur,
844 1560 1035 1599 Habeantque
1056 1570 1170 1593 teneant
1186 1563 1219 1593 &

148 1598 310 1639 poffideant
332 1598 426 1630 dietus
441 1596 601 1627 Edmundus
617 1598 651 1628 δε
667 1597 794 1628 Heredes
814 1598 854 1628 sui
878 1598 1003 1630 Masculi
1025 1601 1160 1638 prediCti,
1179 1602 1213 1631 &

148 1648 253 1669 eorum
271 1638 393 1676 quilibet
408 1637 509 1666 habeat
525 1644 618 1666 teneat
635 1636 668 1666 δε
685 1636 823 1674 poliideat
839 1637 941 1668 Sedem
959 1639 1074 1669 Locum
1095 1641 1128 1670 &
1153 1640 1214 1684 Vo-

152 1687 222 1707 cem
236 1679 267 1707 in
282 1675 475 1708 Parliamentis
489 1675 523 1706 &
544 1674 672 1706 Publicis
693 1675 831 1706 Comitiis
853 1686 938 1715 atque
962 1677 1094 1708 Consiliis
1115 1678 1220 1709 nostris

152 1716 306 1748 Heredum
322 1718 356 1748 ὃς
370 1712 575 1745 Succefforuni
590 1713 754 1744 nostrorum
767 1714 837 1745 infra
854 1715 994 1753 Regnum
1011 1717 1139 1747 nostrum
1152 1718 1220 1760 „An-

150 1756 214 1793 glie
249 1755 322 1785 inter
337 1755 405 1785 alios
422 1752 572 1791 Comites>
588 1760 618 1782 ut
635 1757 725 1782 Comes
740 1753 773 1782 de
786 1753 953 1791 Mulgrave5
975 1755 1106 1786 Necnon
1130 1756 1221 1786 disstus

151 1778 315 1825 Edm’undus
331 1795 364 1824 ὅζ
383 1791 511 1822 Heredes
525 1790 564 1821 sui
581 1789 702 1822 Masculi
716 1792 833 1828 predicti
845 1793 984 1831 gaudeant
996 1795 1028 1824 ὃ(
1045 1803 1172 1831 utantur,
1187 1795 1220 1825 ὃς

149 1843 256 1866 eorum
273 1832 392 1871 quilibet
402 1835 522 1868 gaudeat
534 1830 568 1860 &
580 1837 691 1867 utatur,
714 1840 761 1869 per
775 1830 900 1861 Nomen
917 1836 1027 1862 Comitis
1040 1833 1073 1862 de
1093 1832 1222 1870 Mulgra-

152 1883 192 1901 «με
207 1873 353 1911 predicta,
369 1870 506 1901 omnibus
520 1868 553 1898 &
569 1867 680 1906 singulis
698 1869 812 1907 Juribus
833 1870 993 1908 privilegii:
1016 1871 1222 1902 Preheminen-

153 1912 201 1942 tiis
213 1912 247 1942 &
265 1909 494 1940 immunitatibus
509 1906 598 1937 Statui
611 1907 769 1938 Honori&
785 1907 929 1946 Dignitati
944 1910 1069 1941 Cimitis
1082 1911 1113 1940 iri
1122 1913 1219 1954 omni-

155 1951 211 1981 bus
221 1950 273 1979 rite
288 1950 320 1979 ὅτ
336 1949 373 1978 de
383 1948 450 1986 jure
463 1946 686 1984 pertinentibus,
701 1947 803 1986 quibus
817 1949 901 1977 ceteri
920 1947 1051 1979 Comites
1072 1949 1148 1993 dic‘ti-
1163 1949 1222 1980 Re—

154 1989 210 2027 gni
224 1987 312 2018 nostr‘i
329 1987 431 2025 Anglie
443 1995 507 2017 ante
520 1985 574 2015 hec
592 1994 722 2022 tempora
737 1986 839 2016 melius
859 1986 1004 2017 decentius
1025 1989 1222 2019 honorizicen-

154 2029 210 2059 tius
230 2028 263 2058 δε
282 2027 400 2066 quietius
422 2024 461 2055 usi
473 2024 506 2055 ὃζ
526 2024 614 2063 gavisi
636 2023 767 2062 fuerunt,
785 2024 831 2055 seu
847 2026 877 2054 iii
892 2026 1016 2058 Prcsenti
1035 2027 1173 2067 gaudeant
1191 2030 1224 2060 ὃε

152 2074 276 2098 utantur.
697 2102 703 2108 ᾖ
748 2102 753 2107 ι
941 2104 946 2109 θ
1100 2105 1105 2110 ι

195 2104 232 2135 Et
246 2104 328 2144 quia,
345 2101 488 2134 crescente
500 2100 596 2133 Status
613 2100 767 2141 Dignitatis
782 2102 815 2133 &
829 2102 960 2133 Honoris
981 2103 1160 2143 celsitudine,
1177 2116 1227 2136 ne-

155 2144 275 2176 ceffario
295 2143 426 2173 crescunt
441 2141 577 2180 Sumptus
592 2141 732 2172 &Onera
739 2142 907 2180 grandiora,
923 2143 956 2172 ἅ
972 2152 1002 2185 ut
1016 2143 1092 2173 idem
1102 2145 1228 2188 Edmiin-

153 2184 207 2214 dus
224 2183 259 2213 &
272 2181 400 2212 Heredes
412 2180 453 2210 sui
470 2179 594 2210 Masculi
608 2180 728 2219 predicti
749 2181 847 2211 melius
867 2181 1011 2222 decentius
1032 2184 1065 2212 ὅ(
1086 2182 1226 2213 honorifi-

156 2222 271 2252 centius
286 2220 398 2251 Statum
413 2218 570 2250 Honorem
586 2219 621 2250 ὃς
639 2218 818 2257 Dignitatem
833 2219 961 2256 predicta
975 2223 1087 2249 Comitis
1101 2221 1134 2250 de
1149 2222 1228 2251 Mul-

153 2271 264 2299 grave,
278 2269 311 2289 ac
327 2258 425 2289 Onera
442 2258 492 2296 ipsi
507 2258 652 2287 Edmundo
669 2259 702 2289 δε
717 2257 881 2289 Heredibus
895 2258 945 2289 suis
961 2257 1096 2303 Masculis
1107 2261 1225 2303 *incum-

157 2300 272 2337 bentia,
295 2305 477 2328 manutenere
492 2297 525 2328 &
539 2297 701 2334 supportare
713 2297 841 2335 valeant,
865 2298 898 2328 &
921 2307 1022 2327 eorum
1046 2298 1226 2337 quilibetva-

155 2339 228 2370 leat·
252 2336 324 2368 ideo
333 2358 342 2375 ,
354 2336 390 2366 de
403 2336 527 2366 uberiori
543 2336 644 2366 Gratia
659 2335 753 2366 nostra
762 2359 770 2373 ,
784 2336 915 2379 dedimus
928 2336 960 2366 &
974 2336 1178 2380 conceffimm,
1191 2349 1225 2369 ac

154 2388 209 2418 per
222 2362 366 2408 ’presentes
381 2384 434 2412 pro
450 2374 533 2404 nobis
547 2374 708 2404 Heredibus
722 2375 755 2403 δε
769 2375 987 2417 Successoribus
1001 2375 1101 2405 nostris
1123 2377 1225 2420 damus

156 2418 194 2448 &
209 2414 417 2451 concedimus,
437 2413 547 2451 prefato
562 2413 708 2442 Edmundo
724 2414 758 2443 ὅτ
771 2413 933 2443 Heredibus
945 2413 998 2442 suis
1015 2414 1152 2445 Masculis
1166 2425 1230 2453 pre-

155 2455 244 2486 dietis
265 2452 501 2492 Imperpetuum,
528 2452 659 2482 Feodum
681 2451 737 2482 sive
759 2451 924 2483 Annualem
949 2451 1109 2482 Redditum
1126 2458 1229 2492 viginti

157 2494 310 2525 Librarum
324 2491 422 2529 legalis
437 2489 563 2520 Monete
581 2490 688 2527 Anglie
700 2499 749 2527 per
764 2491 902 2533 Annum,
922 2489 1100 2521 Habendurn
1115 2494 1147 2523 ὃς
1158 2503 1227 2536 pei·—

155 2531 329 2571 cipiendurn
348 2530 499 2561 annuatim
521 2529 633 2558 dictum
656 2528 789 2559 Feodum
810 2532 868 2559 live
889 2529 1053 2559 Annualem
1068 2529 1227 2574 Redditum

156 2574 262 2609 viginti
274 2569 425 2600 Librarum
440 2568 533 2599 eidem
547 2567 692 2597 Edmundo
705 2568 738 2599 &
753 2567 916 2598 Heredibus
933 2567 987 2598 suis
1009 2568 1144 2599 Masculis
1165 2581 1229 2608 pre-

155 2611 240 2641 dictis
282 2608 318 2639 ad
340 2608 502 2644 Receptam
524 2606 669 2636 Scaccarii
693 2605 781 2636 nostri
803 2606 950 2636 Heredum
975 2608 1009 2638 &
1023 2607 1228 2640 Succefforum

155 2632 340 2685 nostrorum,
357 2646 394 2677 de
408 2645 556 2676 Thesauro
567 2645 669 2675 nostro
676 2644 827 2676 Heredum
843 2646 876 2675 ὃς
891 2645 1095 2677 Succefforum
1112 2648 1229 2691 nostro-

0 2691 141 2722 ¹'XVIIL
156 2698 222 2719 rum
233 2710 244 2726 ,
263 2697 312 2724 per
330 2685 437 2717 Manus
450 2683 629 2715 Thesaurarii
652 2683 872 2715 Subthesaurarii
893 2686 911 2702 ⁴*
931 2684 964 2714 &
991 2683 1227 2717 Camerariorum

37 2732 91 2768 784
159 2727 326 2758 nostrorum
342 2723 493 2755 Heredum
507 2723 540 2753 &
553 2722 760 2766 Successorum
777 2722 944 2769 nostrorum
960 2724 1070 2769 ibidem
1083 2734 1138 2761 pro
1155 2735 1229 2772 tern-¹

37 2754 52 2761 υ
95 2754 102 2762 ”
160 2776 231 2807 pore
247 2764 448 2807 existentium,
466 2762 499 2793 ad
520 2761 602 2793 Festa
617 2761 718 2800 Pascha
733 2763 767 2793 ὅς
785 2763 880 2791 δίυιέῐι
898 2761 1043 2792 Michaelis
1058 2763 1229 2803 Archangeli

158 2815 211 2846 per
224 2803 337 2845 equales
357 2801 518 2846 Portiones.
778 2840 784 2845 ο
961 2840 968 2846 θ

191 2843 339 2880 ‚Volumus
352 2849 457 2880 etiam,
477 2840 538 2872 &c.
577 2838 693 2878 Absque
706 2838 807 2870 finem
823 2838 1008 2879 Haiiaperio,
1027 2840 1090 2872 &c.

195 2921 246 2954 Eo
260 2923 340 2961 quod
356 2920 482 2963 expressa
500 2922 629 2960 mentio,
646 2921 712 2952 &c-

193 3003 231 3036 In
248 3004 328 3043 cujus
344 3003 401 3040 rei,
419 3003 482 3035 &c.

192 3083 284 3117 Teste
298 3082 383 3124 Rege
401 3082 476 3121 apud
490 3082 769 3125 Wefimonasterium,
786 3086 885 3124 quinto
906 3085 950 3115 die
967 3085 1118 3116 Februarii.

911 3169 965 3198 Per
982 3166 1066 3206 ipsum
1083 3171 1190 3205 Regem-

165 3311 215 3344 De
242 3305 416 3352 Concffone
431 3307 492 3352 fibi
516 3312 553 3348 ὠ·
581 3307 752 3344 Heredibus
773 3308 884 3344 Thome
900 3314 934 3343 V
934 3314 1080 3344 icecomizi
1101 3310 1138 3346 de
1154 3314 1226 3346 An-

361 3355 453 3390 dever
475 3357 511 3391 de
534 3361 695 3406 Dignitate
718 3361 842 3393 Comitis
864 3358 900 3392 de
924 3359 1028 3394 Berks.

10 3442 90 3476 Ann.
101 3441 144 3474 D.
166 3443 318 3500 REX,
337 3443 398 3487 &a
438 3441 669 3490 Archiepiscopis
691 3444 827 3491 Ducibus
842 3444 1074 3491 *Marchionibus
1095 3447 1225 3479 Comiti-

28 3482 116 3516 1625.
245 3485 299 3514 bus
320 3481 553 3514 Vicecomitibus
572 3482 723 3522 Episcopis
746 3485 904 3516 Batonibus
924 3486 1069 3529 Militibus
1091 3486 1228 3525 Preposim

6 3525 63 3550 An·
83 3530 107 3548 ¹-
162 3524 199 3553 tis
216 3522 328 3553 Liberis
343 3519 540 3558 Hominibus,
565 3530 600 3550 ac
617 3524 753 3555 omnibus
763 3522 919 3554 Officiariis
938 3523 1078 3554 Ministris
1093 3524 1128 3555 &
1146 3525 1223 3556 Sub-

9 3564 74 3588 Car.
86 3568 109 3586 i.
162 3561 230 3592 ditis
248 3560 352 3592 nostris
371 3559 602 3600 quibuscunque,
617 3560 652 3591 ad
673 3571 744 3600 quos
762 3562 905 3595 Presentcs
923 3562 1004 3594 litere
1021 3565 1224 3604 pervenerint,

8 3602 109 3665 31:22:
160 3599 298 3631 Salutem.

200 3638 283 3669 Cum
297 3637 329 3668 R
366 3639 423 3669 iam
436 3635 642 3668 celsitudinem
657 3638 692 3668 &
703 3636 885 3677 Majestatcm
906 3639 977 3670 nihil
999 3640 1115 3678 ampliat
1136 3642 1225 3681 magis

4 3681 148 3713 ’.φη-ιι.
163 3687 251 3717 quam
268 3687 339 3707 cum
382 3677 434 3714 iri,
447 3676 484 3707 de
499 3675 583 3713 Rege
597 3674 668 3705 bene
683 3674 782 3707 Meriti
797 3679 831 3709 &
849 3679 1006 3710 Virtutibus
1025 3679 1226 3718 precellentes,

164 3716 337 3747 Honoribus
360 3714 476 3747 Meritis
495 3716 547 3746 suis
568 3713 720 3753 condignis
740 3715 926 3754 insigniuntur
941 3741 951 3756 ,
986 3718 1132 3755 presertim
1155 3729 1225 3750 curn

151 3754 326 3786 ‚Nobilitat‘i
350 3756 462 3792 generis
484 3764 550 3785 vera
571 3761 688 3782 morum
708 3751 854 3785 Nobilitas
871 3755 1032 3794 acceiierit3
1051 3757 1121 3788 Nos
1140 3759 1225 3797 igitur

163 3793 350 3830 predilec‘tum
365 3794 399 3825 &
413 3802 547 3832 perquam
561 3790 675 3822 fidelem
684 3789 799 3821 Consan
820 3794 935 3825 uineum
950 3795 1080 3825 nostrum
1095 3796 1225 3826 Thomam

162 3831 310 3869 Howard,
325 3832 480 3868 prenobilis
494 3830 616 3865 Ordinis
633 3828 757 3859 Garterii
817 3829 921 3869 ditem,
938 3835 1076 3862 Baronem
1090 3835 1121 3863 de
1138 3835 1228 3864 Char-

161 3872 257 3907 leton,
275 3872 461 3900 Vicecomitem
476 3870 634 3907 Andever,
652 3867 751 3898 Filium
766 3876 832 3898 natu
847 3868 1004 3900 secundum
1022 3873 1229 3908 prechariffimi

165 3907 376 3946 Conlanguinei
399 3908 488 3939 nostri
509 3908 609 3938 Thome
629 3909 739 3936 Comitis
759 3905 895 3944 Suffolcie,
920 3908 1115 3948 respicientes,
1131 3913 1228 3942 obser-

1259 126 1732 184 PUBLICA.

1250 212 1333 245 beate
1350 216 1497 264 Memorie
1512 221 1627 265 Patrem
1643 224 1791 266 nostrum,
1809 230 1839 260 in
1853 229 1982 264 Servitiis
1996 232 2113 273 nostris,
2137 235 2174 266 ab
2195 237 2308 268 ineunte
2325 234 2400 265 Anfl·
2411 234 2453 268 D·

1246 260 1318 296 etate
1340 254 1386 285 sua
1405 258 1583 298 nobilitavit,
1608 272 1715 300 equum
1739 266 1773 296 ὅσ
1797 268 1899 302 justum
1920 272 1976 302 effe
1998 274 2181 312 arbitramur,
2208 284 2238 306 ut
2254 286 2305 306 nos
2344 272 2431 311 1625·

1249 299 1335 334 etiam
1346 314 1355 330 ,
1372 302 1439 324 cum
1455 296 1489 325 ad
1506 297 1605 335 Regni
1621 300 1710 331 nostri
1723 302 1866 341 fastigium
1881 311 1973 340 evecti
1990 311 2100 350 sumus,
2126 312 2238 351 aliquod
2256 314 2306 344 ad·
2322 314 2373 339 1¹⁷1·
2398 321 2422 339 ¹·

1244 330 1393 369 JiClamuS‚
1411 342 1461 370 per
1473 336 1551 373 quod
1567 337 1601 366 ad
1616 338 1743 375 posteros
1758 351 1863 373 notum
1881 347 1913 376 &
1935 349 2113 381 manifestum
2135 351 2182 390 sit,
2210 353 2308 390 quanti
2323 353 2387 377 ΟΜ·
2408 359 2433 376 ¹·

1248 368 1324 412 apud
1338 379 1391 400 nos
1405 371 1533 417 prefatus.
1547 374 1662 406 Thomas
1681 381 1709 406 V
1711 381 1830 423 icecolvjes
1847 384 1985 416 Andever
2005 388 2106 429 fuerit,
2131 391 2164 421 ὃ(
2190 391 2309 430 qualiter

1248 415 1365 438 Virtutes
1380 409 1437 439 suas
1453 411 1649 444 existimandas
1662 415 1718 445 esie
1730 417 1874 450 duximus.

1283 445 1386 491 Sciatis
1399 449 1485 486 igitur
1505 451 1582 489 quod
1598 462 1668 490 nos,
1691 454 1726 483 de
1749 454 1846 487 Gratia
1866 459 1960 490 nostra
1979 461 2104 502 speciali,
2123 477 2156 498 ac
2174 477 2207 498 ex
2230 475 2308 499 certa

1244 481 1368 528 Scientia
1382 486 1414 516 &
1431 496 1510 517 mero
1528 488 1619 520 Motu
1633 491 1735 522 nostris
1741 510 1752 526 2
1768 495 1905 530 prefatum
1921 498 2048 530 Thamara
2064 506 2206 535 Howarde
2242 517 2305 544 pre-

1246 523 1350 554 nobilis
1363 523 1480 556 Ordinis
1495 525 1620 558 Garterii
1636 528 1781 569 Militem,
1796 535 1933 563 Baronem
1947 538 1978 565 de
1994 539 2140 571 Charleton
2155 546 2188 575 &
2200 529 2228 573 l}
2228 549 2308 575 icero-

1245 564 1338 591 mitem
1346 563 1503 602 Ande‘rior,
1516 566 1550 595 ad
1565 566 1676 597 Statum
1692 567 1822 599 Gradum
1841 570 2019 609 Dignitatem
2038 580 2069 609 &r
2086 580 2242 613 Honorem
2260 587 2310 613 ca-

1246 603 1322 630 mitis
1337 602 1424 631 Berks
1437 605 1577 634 ereximus
1593 605 1766 642 prefecimus
1780 609 1814 638 ὅ(
1828 612 2002 650 creavimus,
2016 615 2162 656 ipsumque
2175 621 2307 651 Thomam

1247 642 1377 669 Comitem
1389 642 1478 671 Berks
1486 643 1605 680 predicti
1618 645 1751 683 erigimus
1766 646 1967 683 preficimus&
1983 662 2110 685 creamus
2124 667 2171 694 per
2188 658 2305 690 Presen-

1249 685 1307 715 tes,
1330 678 1491 719 Eidemque
1504 681 1602 711 Thome
1618 683 1743 714 Nomen
1759 686 1872 715 Statum
1894 686 2025 718 Gradum
2049 692 2151 724 Stilum
2174 697 2308 736 Dignita-

1251 723 1310 746 tem
1325 716 1462 749 Titulum
1475 719 1508 750 &
1524 719 1679 752 Honorem
1694 726 1804 753 Comitis
1817 725 1906 754 Berks
1924 728 2042 763 prediciti
2061 731 2242 768 imposuimus
2257 737 2310 767 de-

1250 754 1344 785 dimus
1356 756 1390 787 &
1409 758 1591 796 prebuimus,
1606 770 1639 791 ac
1653 771 1702 798 per
1715 761 1860 793 Presentes
1876 765 2057 801 imponimus
2077 768 2176 800 damus
2193 775 2224 803 ὃς
2245 784 2308 810 pre-

1251 793 1373 832 bemus,
1385 805 1418 826 ac
1432 796 1522 834 ipsum
1539 798 1670 828 Thomam
1694 800 1858 839 hujusmodi
1874 801 2010 834 Nomine
2024 805 2102 835 Statu
2117 807 2220 839 Titulo
2236 812 2311 843 Gra-

1251 831 1291 861 du
1307 832 1379 862 Stilo
1395 834 1547 873 Dignitate
1560 836 1593 866 &
1607 836 1730 868 Honore
1751 842 1862 868 Comitis
1886 842 1973 871 Berks
1994 843 2130 883 predicti,
2149 857 2197 883 per
2221 849 2314 880 Gladii

1251 871 1427 910 Cinduram,
1445 877 1516 914 Cape
1531 876 1651 905 Honoris
1666 876 1705 912 ὠ-
1719 877 1820 907 Circnli
1835 881 1926 909 Aurei
1944 879 2178 923 impositionem,
2201 887 2313 925 inligni-

1252 918 1317 938 mus
1330 910 1496 943 investimus
1510 914 1544 944 &
1558 914 1666 945 realiter
1678 916 1864 947 nobilitamus
1877 928 1925 956 per
1941 918 2096 951 Presentes.

1280 946 1468 989 ,Habendum
1480 953 1514 983 ὃς
1529 953 1687 984 tenendum
1706 954 1828 985 Nomen
1843 956 1954 987 Statum
1971 958 2104 988 Gradum
2121 960 2224 990 Stilum
2240 962 2319 1002 Dig-

1255 993 1375 1016 nitatem
1396 989 1528 1020 Titulum
1544 991 1576 1021 &
1595 991 1751 1022 Honorem
1764 997 1876 1023 Comitis
1890 996 1978 1025 Berks
1993 997 2114 1034 predidti
2125 1022 2133 1035 ,
2143 1009 2210 1029 cum
2220 1005 2316 1031 omni-

1256 1024 1310 1054 bus
1329 1025 1362 1055 δε
1383 1027 1498 1064 singulis
1521 1028 1758 1062 Preheminentiis
1782 1031 1957 1064 Honoribus
1979 1036 2131 1075 ceterisque
2152 1039 2315 1076 hujusmodi

1255 1061 1385 1093 Nomini
1401 1065 1491 1097 Statui
1508 1067 1620 1098 Gradui
1631 1068 1706 1100 Stilo
1722 1070 1865 1109 Dignitari
1887 1072 1993 1103 Titulo
2013 1075 2046 1105 ὅ(
2070 1074 2189 1106 Honori
2211 1081 2320 1108 Comitis

1256 1102 1345 1131 Berks
1360 1105 1566 1139 pertinentibus
1581 1107 1636 1137 sive
1650 1107 1858 1148 spectantibus,
1874 1110 1983 1148 prefato
1999 1112 2096 1143 Thome
2112 1115 2145 1145 ὃ(
2159 1114 2319 1148 Heredibus

1258 1139 1395 1171 Masculis
1410 1142 1446 1172 de
1460 1143 1599 1181 Corpore
1615 1145 1663 1176 suo
1677 1149 1845 1178 exeuntibus
1857 1150 2077 1189 imperpetuum.

1296 1178 1450 1219 Veientes,
1468 1184 1502 1213 &
1522 1192 1571 1220 per
1586 1184 1727 1216 Presentes
1742 1187 1935 1219 concedentes
1949 1199 2000 1227 pro
2015 1193 2099 1221 nobis
2114 1191 2275 1223 Heredibus
2288 1195 2320 1226 &

1256 1215 1474 1250 Successoribus
1487 1221 1605 1261 nostris,
1626 1224 1703 1261 quod
1716 1225 1860 1262 predictus
1871 1226 1986 1257 Thomas
2005 1230 2039 1260 ὃς
2055 1229 2184 1261 Heredes
2198 1231 2236 1261 sui
2254 1232 2321 1263 Ma-

1255 1254 1323 1285 sculi
1337 1258 1459 1294 predicti
1470 1282 1480 1297 ‚
1499 1259 1623 1291 Nomen
1637 1262 1750 1293 Statum
1767 1263 1900 1295 Gradum
1914 1266 2018 1297 Stilum
2035 1268 2217 1308 Dignitatem
2232 1270 2321 1302 Titu-

1257 1293 1319 1324 lum
1335 1295 1369 1325 &
1383 1296 1538 1328 Honorem
1556 1300 1681 1336 predidta
1697 1301 1850 1332 successive
1865 1313 1959 1343 gerant
1975 1307 2008 1336 ὃς
2024 1306 2205 1346 habeant‚&
2220 1319 2321 1339 eorum

1259 1333 1378 1370 quilibet
1395 1345 1474 1372 gerat
1489 1339 1522 1368 ὃς
1539 1337 1656 1376 habear,
1670 1340 1704 1370 ὃς
1719 1351 1768 1378 per
1782 1340 1906 1372 Nomen
1926 1347 2037 1374 Comitis
2050 1347 2138 1376 Ber'ks
2153 1348 2322 1378 vocitentur

1310 1382 1505 1415 nuncupetur,
1520 1378 1554 1408 ὅ(
1572 1378 1652 1415 quod
1666 1378 1741 1408 idem
1759 1379 1874 1410 Thomas
1892 1382 1925 1412 δε
1940 1382 2069 1415 Heredes
2080 1384 2119 1415 sui
2130 1385 2252 1416 Masculi
2262 1397 2325 1424 pre-

1262 1410 1333 1442 dit‘Jti
1345 1413 1500 1445 successive
1515 1424 1544 1445 ut
1560 1419 1678 1447 Comites
1689 1418 1777 1447 Berks
1792 1419 1822 1449 in
1840 1422 1976 1452 omnibus
1991 1431 2136 1454 teneantur
2146 1447 2155 1462 ,
2168 1427 2202 1455 ὅτ.
2218 1435 2247 1455 ut
2260 1425 2323 1456 Co-

1261 1450 1345 1482 mites
1359 1452 1516 1485 tractentur
1530 1455 1563 1485 &
1580 1464 1762 1495 reputentur,
1778 1458 1810 1488 &
1823 1467 1924 1490 eorum
1940 1461 2058 1499 quilibet
2080 1472 2208 1494 teneatur
2221 1464 2324 1494 traete-

1259 1497 1303 1518 tur
1317 1491 1351 1522 ὃς
1368 1500 1527 1531 reputetur,
1550 1494 1729 1533 habeantque
1741 1504 1858 1527 teneant
1873 1498 1906 1528 &
1922 1499 2080 1536 poffideant
2093 1502 2187 1532 dictus
2209 1502 2326 1532 Thomas

1260 1530 1294 1560 &
1311 1529 1439 1560 Heredes
1450 1531 1490 1563 sui
1507 1531 1631 1563 Masculi
1646 1534 1784 1573 prediori,
1801 1536 1834 1566 ὃς
1850 1546 1952 1567 eorum
1967 1539 2083 1578 quilibet
2105 1540 2206 1572 habear
2230 1550 2325 1572 teneat

1261 1569 1296 1599 διε
1311 1568 1461 1608 poffideat,
1477 1571 1572 1602 sedem
1590 1572 1691 1603 locum
1707 1573 1742 1603 &
1757 1583 1865 1604 vocem
1879 1576 1908 1605 in
1931 1577 2125 1609 Parliamentis
2149 1582 2182 1610 δε
2198 1580 2325 1611 Publicis

1261 1606 1400 1638 Comitiis
1412 1617 1494 1646 atque
1509 1609 1642 1641 Consiliis
1658 1611 1761 1642 nostris
1774 1611 1922 1644 Heredum
1937 1616 1970 1646 δε
1986 1616 2188 1648 Succefforum
2210 1618 2324 1650 nostro-

1260 1655 1324 1675 rum
1342 1647 1412 1676 infra
1430 1647 1570 1688 Regnum
1586 1649 1715 1680 nostrum
1734 1651 1853 1689 Anglie‚
1869 1653 1940 1684 inter
1952 1655 2020 1685 alios
2034 1656 2165 1688 Comites
2182 1666 2214 1687 ut
2230 1661 2323 1687 Comes

1259 1684 1364 1722 Berks,
1383 1695 1499 1716 necnon
1514 1688 1606 1718 dictus
1621 1688 1737 1718 Thomas
1750 1691 1782 1721 ὃς
1792 1690 1916 1723 Heredes
1925 1693 1964 1723 sui
1982 1693 2106 1725 Mascuii
2120 1697 2239 1733 predicti
2252 1705 2323 1735 gau-

1259 1723 1345 1753 deant
1360 1725 1394 1754 &
1410 1734 1541 1763 utantur,
1567 1727 1600 1756 &
1623 1737 1725 1757 eorum
1740 1729 1856 1765 quilibet
1872 1732 1989 1769 g'ludcat
2011 1734 2044 1764 &
2058 1743 2164 1772 utatur,
2184 1745 2233 1772 per
2254 1736 2323 1766 No-

1260 1771 1326 1791 men
1342 1766 1453 1792 Comitis
1466 1765 1553 1793 Berks
1569 1765 1705 1803 predisti,
1727 1768 1865 1797 omnibus
1885 1771 1918 1799 &
1935 1771 2046 1810 singulis
2065 1773 2181 1811 Juribus
2206 1774 2325 1804 Privile-

1262 1802 1315 1837 giis
1336 1800 1574 1833 Preheminentiis
1599 1802 1834 1835 Immunitatibus
1856 1807 1944 1838 Statui
1974 1810 2091 1841 Honori
2121 1813 2153 1842 &
2177 1812 2324 1850 Dignitati

1263 1838 1390 1870 Comitis
1413 1841 1443 1870 in
1467 1842 1604 1872 omnibus
1625 1843 1679 1873 rite
1692 1844 1725 1873 δε
1740 1843 1853 1882 deJure
1868 1849 2089 1889 pertinentibus,
2111 1851 2212 1888 quibus
2235 1852 2325 1882 ceteri

1263 1877 1398 1909 Comites
1418 1879 1490 1910 dieti
1512 1880 1610 1920 Regni
1632 1881 1722 1912 nostri
1743 1882 1846 1920 Anglie
1865 1894 1931 1915 ante
1954 1887 2008 1916 liec
2031 1898 2163 1925 tempora
2185 1890 2204 1907 *
2224 1891 2325 1919 melius

1260 1916 1406 1947 decentius
1421 1919 1654 1950 honorificentius
1669 1921 1702 1951 &
1717 1922 1838 1959 quietius
1852 1923 1891 1953 usi
1906 1924 1967 1955 sunt
1986 1927 2018 1956 δε
2033 1928 2135 1965 gaviri,
2148 1927 2193 1957 seu
2209 1928 2239 1958 in
2256 1928 2327 1959 Pre-

1262 1956 1330 1986 senti
1345 1956 1482 1995 gaudeant
1501 1959 1534 1989 &
1549 1968 1672 1989 utantur.

1300 1994 1339 2025 Et
1361 1996 1444 2033 quia,
1464 1997 1608 2028 crescente
1633 1997 1725 2028 Status
1746 1997 1882 2031 Honoris
1903 2003 1936 2032 ὃς
1961 2002 2121 2040 Dignitatis
2138 2002 2330 2045 CellitudIne‚

1262 2034 1419 2064 necessario
1435 2036 1565 2066 crescunt
1578 2036 1716 2074 Sumptus
1729 2037 1762 2067 &
1777 2039 1873 2069 Onera
1890 2042 2056 2079 grandiora,
2071 2045 2104 2072 ὅ(
2120 2052 2150 2072 ut
2163 2044 2241 2073 idem
2258 2045 2331 2074 Tho-

1265 2084 1323 2101 mas
1337 2074 1369 2103 &
1384 2073 1513 2104 Heredes
1527 2074 1566 2105 sui
1578 2074 1699 2105 Masculi
1713 2075 1833 2113 predffiti
1848 2080 1945 2109 melius
1968 2081 2117 2111 decentius
2140 2082 2172 2112 δε
2189 2083 2328 2113 honorifi-

1266 2113 1375 2141 centius
1388 2112 1498 2143 Statum
1511 2113 1662 2144 Honorem
1678 2114 1897 2153 &Dignitatem
1911 2119 2038 2154 predicta
2047 2123 2157 2149 Comitis
2166 2123 2253 2150 Berks
2265 2132 2327 2160 pre-

1265 2150 1355 2187 dieti,
1375 2161 1408 2181 ac
1421 2150 1517 2182 Onera
1532 2153 1582 2189 ipii
1598 2152 1694 2182 Thome
1709 2155 1742 2185 &
1757 2155 1917 2185 Hei-edibus
1929 2157 1981 2187 suis
1990 2157 2126 2189 Maiculis
2138 2160 2326 2195 predictisin·

1265 2190 1445 2227 cumbentia,
1460 2200 1643 2221 manutenere
1657 2192 1690 2221 &
1705 2192 1867 2232 supportare
1883 2195 2010 2234 valeant,
2033 2197 2066 2227 ὃς
2085 2198 2206 2237 quilibet
2226 2209 2328 2230 eorum

1266 2228 1373 2266 valeat,
1388 2228 1470 2267 ideo,
1483 2229 1518 2259 de
1532 2230 1655 2260 uberiori
1671 2229 1773 2261 Gratia
1787 2231 1881 2262 nostra
1891 2255 1900 2270 ,
1921 2233 2051 2264 dedimus
2071 2237 2104 2266 ὃς
2120 2237 2330 2277 conceffimus,

1265 2276 1298 2297 ac
1312 2276 1361 2304 per
1377 2267 1518 2298 Presentes
1531 2278 1584 2306 pro
1599 2269 1682 2298 nobis
1699 2269 1861 2301 Heredibus
1879 2272 1912 2301 &
1928 2272 2142 2304 Succeiioribus
2164 2274 2265 2306 nostris
2281 2278 2330 2309 da-

1266 2315 1328 2335 mus
1341 2306 1373 2336 &
1390 2306 1579 2338 concedimus
1593 2307 1704 2345 prefato
1721 2308 1818 2338 Thome
1833 2311 1866 2341 ὃς
1877 2310 2037 2342 Heredibus
2051 2313 2102 2343 suis
2121 2312 2257 2345 Masculis
2267 2326 2330 2353 pre-

1267 2344 1367 2382 dietis,
1382 2345 1510 2375 Feodum
1526 2346 1582 2376 five
1595 2346 1759 2377 Annualem
1775 2348 1934 2379 Reddituni
1949 2353 2051 2387 viginti
2066 2352 2218 2381 Librarum
2234 2354 2330 2394 legalis

1268 2382 1395 2414 Monet²
1412 2384 1518 2423 Anglie
1531 2394 1581 2422 per
1595 2385 1735 2423 Annum,
1755 2387 1919 2418 habendum
1933 2391 1967 2420 ὃς
1986 2390 2201 2429 percipiendum
2221 2403 2328 2424 annua-

1265 2423 1318 2451 tim
1336 2422 1383 2452 dic
1399 2433 1447 2453 um
1464 2423 1488 2453 F
1489 2424 1598 2454 eodum
1614 2423 1669 2454 five
1684 2426 1834 2456 annualem
1850 2427 1993 2458 redditum
2008 2433 2108 2465 viginti
2122 2429 2275 2461 Librarum
2289 2435 2331 2464 ei-

1265 2460 1332 2490 dem
1355 2462 1451 2491 Thome
1471 2463 1504 2493 ὃς
1527 2462 1688 2493 Heredibus
1709 2464 1760 2494 suis
1784 2464 1920 2495 Masculis
1941 2468 2092 2507 predictis,
2117 2469 2153 2498 ad
2169 2468 2332 2508 Receptam

1266 2498 1405 2529 Scaccarii
1420 2499 1507 2530 nostri
1525 2500 1675 2532 Heredum
1693 2503 1938 2534 &Succel'iorum
1955 2507 2117 2537 nostrorum
2126 2530 2136 2545 ‚
2152 2507 2188 2537 de
2202 2508 2332 2541 Thesau-

1266 2547 1299 2567 ro
1315 2538 1414 2568 nostro
1429 2539 1579 2570 Heredum
1597 2542 1630 2570 ὃς
1644 2540 1844 2572 Succeffomm
1861 2543 2041 2583 nostrorum,
2064 2556 2114 2583 per
2128 2544 2236 2576 Manus
2250 2549 2331 2580 The-

1266 2576 1374 2607 saurarii
1397 2577 1616 2609 subthesaurarii
1639 2579 1673 2609 &
1695 2579 1925 2612 Camerariorum
1946 2584 2108 2615 nostrorum
2127 2584 2275 2616 Heredum
2298 2589 2332 2618 &

1268 2615 1473 2646 Succefforum
1495 2617 1663 2647 nostrorum
1682 2618 1790 2648 ibidem
1816 2630 1869 2656 pro
1895 2629 2025 2660 tempore
2046 2622 2228 2654 existentium
2250 2648 2259 2664 ‚
2296 2627 2331 2657 ad

1269 2653 1349 2684 Festa
1372 2655 1474 2695 Pasche
1498 2656 1532 2687 δε
1562 2657 1658 2686 Sancti
1679 2657 1825 2687 Michaelis
1854 2659 2026 2700 Archangeli
2055 2672 2104 2699 per
2124 2663 2236 2700 equales
2258 2664 2331 2696 Por-

1267 2702 1368 2723 tioneS.

1304 2731 1445 2764 Volumus
1458 2734 1563 2772 etiem,
1575 2734 1636 2765 &c.
1675 2733 1793 2772 Absque
1808 2735 1879 2767 Fine
1891 2737 1921 2768 in
1936 2738 2122 2777 Hanaperio,
2137 2740 2198 2770 &c.

2231 164 2311 202 199

2345 1896 2477 1923 ‘vaL

2386 1934 2451 1969 285.

1305 2807 1351 2840 Eo
1367 2810 1447 2848 quod
1462 2809 1590 2849 expressa
1607 2812 1734 2850 mentio,
1755 2812 1817 2844 &c.

1304 2885 1339 2916 In
1356 2888 1434 2926 cujus
1451 2889 1510 2927 rei,
1534 2889 1597 2920 &c.

1304 2963 1392 2997 Teste
1410 2965 1491 3006 Rege
1505 2967 1578 3006 apud
1595 2966 1872 3006 Wstmonastcrium,
1890 2972 1986 3009 quinto
2005 2974 2060 3002 Die
2074 2974 2224 3006 Februarii.

2012 3052 2036 3079 P
2037 3061 2067 3081 er
2083 3051 2168 3090 ipſstm
2188 3056 2291 3090 Regem.

1266 3194 1315 3226 De
1340 3192 1514 3238 Conccffione
1526 3194 1586 3237 fibi
1609 3198 1646 3234 ξφ
1672 3193 1842 3228 Heredibiis
1865 3197 1998 3232 Henrico
2027 3201 2153 3234 Domino
2181 3202 2326 3234 Danvcrs

1513 3243 1549 3277 de
1572 3247 1744 3292 Dignitate·
1758 3246 1882 3279 Comitis
1902 3249 1939 3282 de
1957 3246 2074 3295 Das-iby.

1262 3327 1406 3384 REX,
1425 3329 1487 3360 &c.
1523 3330 1750 3371 Archiepiscopis
1764 3331 1897 3365 Ducibus
1914 3333 2136 3375 March-ionibus
2154 3333 2321 3379 Corn-itibus
2342 3346 2415 3378 Aust
2429 3347 2474 3380 D:

1338 3368 1566 3400 Vicecomitibus
1588 3370 1736 3407 Episcopis
1757 3370 1913 3403 Batonibus
1936 3372 2077 3415 Militibus
2101 3372 2253 3419 Prepolrtis
2272 3374 2319 3417 Li·
2364 3388 2447 3425 1525·

1263 3406 1336 3437 beris
1357 3406 1558 3446 Hominibus,
1587 3419 1620 3440 ac
1644 3410 1782 3440 omnibus
1803 3410 1958 3442 Officiariis
1980 3410 2120 3453 Ministris
2141 3412 2173 3441 ἃ
2197 3412 2320 3455 Subditis
2338 3427 2389 3454 Av.
2411 3435 2433 3456 Ι.

1259 3444 1360 3476 nostris
1389 3446 1601 3485 quibuscunque
1624 3470 1633 3485 ,
1670 3449 1704 3478 ad
1726 3459 1796 3486 quos
1822 3450 1961 3481 Presentes
1988 3448 2084 3479 Litere
2109 3459 2288 3486 pervenerint

1258 3483 1395 3515 Salutem.
1941 3526 1944 3530 ¹
2095 3527 2099 3531 ,
2183 3527 2191 3532 ,
2223 3528 2228 3534 ,
2330 3475 2397 3529 Pati·
2409 3489 2432 3533 ιζ

1296 3522 1398 3554 Gloria
1409 3525 1443 3555 &
1459 3523 1588 3555 Potentia
1607 3524 1743 3563 Principis
1758 3527 1786 3556 in
1803 3524 1983 3556 Multitudine
1998 3525 2100 3563 Populi
2116 3527 2256 3567 consistit,
2271 3529 2318 3574 sed
2328 3544 2391 3570 Car,
2411 3553 2434 3570 Ι,

1259 3560 1352 3600 Regia
1366 3561 1514 3593 Celsitudo
1529 3564 1563 3593 &
1580 3563 1715 3602 Maiestas
1727 3573 1794 3594 tunc
1807 3565 1937 3594 ⁴maxime
1950 3564 2105 3607 elucescit,
2127 3576 2194 3610 euin
2215 3576 2319 3607 egregii
2331 3586 2355 3616 p·
2367 3583 2471 3620 7J1-232

1261 3599 1473 3638 Viri,Generis
1488 3601 1652 3633 Nobilitate
1666 3605 1699 3634 &
1718 3602 1873 3633 Virtutibus
1888 3601 1955 3644 clari
1970 3603 2003 3633 &
2017 3603 2053 3633 de
2069 3603 2161 3633 Patria
2177 3604 2248 3635 bene
2257 3617 2319 3637 me·
2462 3615 2468 3617 “

1260 3640 1327 3676 riti,
1339 3640 1491 3679 condignis
1504 3640 1671 3671 Honoribus
1685 3642 1717 3671 &
1731 3642 1834 3671 Titulis
1847 3642 2058 3685 inligniunturj
2082 3642 2114 3671 N
2117 3652 2155 3686 os
2174 3644 2229 3674 hec
2252 3655 2320 3681 pro-

1260 3678 1410 3715 spicientes
1423 3681 1457 3711 &
1474 3679 1618 3710 Memoria
1632 3679 1725 3709 nostra
1740 3679 1912 3716 recolentes,
1935 3680 2016 3717 quod
2032 3681 2222 3712 inclitiiiimus
2238 3683 2321 3714 Pater

1261 3716 1374 3755 noster,
1393 3718 1474 3749 beate
1493 3717 1659 3755 Memorie,
1676 3728 1759 3757 quam
1777 3718 1836 3747 cito
1857 3716 1999 3748 Diadema
2021 3719 2102 3756 liujus
2119 3719 2215 3756 Regni
2232 3722 2322 3753 fauste

1262 3757 1296 3788 ὃς
1311 3755 1471 3787 felicissime
1485 3757 1511 3787 ei
1519 3757 1684 3787 devolutum
1701 3755 1802 3792 ftiiliet,
1810 3765 1845 3785 eo
1858 3756 1934 3792 quod
1951 3759 2099 3786 Henricum
2113 3761 2264 3798 Danvers,
2273 3761 2322 3791 ad-

1263 3803 1333 3825 tunc
1349 3794 1496 3832 Militem,
1514 3796 1549 3826 de
1563 3795 1713 3824 illustribus
1729 3796 1761 3823 δε
1778 3794 1933 3824 clarissimis
1952 3795 2075 3824 Faniilii:
2091 3806 2189 3826 ortum
2206 3799 2322 3829 invene-

1261 3834 1296 3863 rit
1315 3857 1325 3872 ,
1361 3843 1452 3871 acque
1473 3835 1502 3864 in
1522 3835 1572 3863 illo
1593 3833 1784 3862 observaverit
1804 3843 1857 3869 que
1874 3835 1906 3864 &
1932 3843 2031 3870 quanta
2048 3835 2165 3866 Servitia
2182 3838 2323 3875 predictus

1261 3874 1396 3902 Henri'cus
1416 3871 1626 3909 prechariffime
1645 3871 1743 3900 sorori
1761 3869 1806 3900 sue
1831 3870 2001 3901 Elizabethe
2027 3883 2115 3915 nuper-
2137 3878 2234 3910 Regiae
2253 3880 2319 3905 An-

1259 3909 1312 3947 glie
1330 3910 1442 3940 fortiter
1462 3911 1612 3948 prudenter
1626 3908 1658 3937 &
1676 3909 1791 3938 heroice
1810 3910 2194 3948 pertormaverit,presertim
2215 3916 2242 3944 in
2264 3918 2319 3943 Re-

162 3954 261 3978 vantes
273 3947 357 3975 etiarn
373 3947 450 3984 quod
465 3947 587 3985 prefatus
600 3945 715 3976 Thomas
731 3947 759 3974 V
759 3947 878 3974 icecomes
892 3947 1030 3975 Andever
1043 3949 1226 3980 nobilitatem
1256 3959 1310 3985 gno
1330 3947 1612 3986 Hibernie,tempore
1626 3956 1684 3984 quo
1694 3946 1888 3977 invictiiiimus
1897 3948 2051 3987 Dominus,
2060 3953 2195 3980 Dominus
2205 3956 2320 3981 Mouris-

163 3983 387 4017 Antecefforum
401 3984 515 4016 suorum

542 3995 592 4023 per
610 3984 727 4021 longam
743 3984 882 4021 temporis
895 3983 991 4014 seriem
1006 3985 1231 4024 sibiderivatam,
1252 3989 1301 4025 joy
1322 3987 1556 4016 Locumtenentis
1576 3986 1608 4014 &
1629 3985 1767 4022 Deputati
1785 3985 1898 4016 Officio
1917 3987 2027 4018 ibidem
2047 3988 2095 4017 sub
2113 3990 2188 4019 dicta
2208 3990 2321 4021 serenis-

162 4023 279 4065 ptopria
302 4022 416 4056 Virtute
438 4023 503 4062 sua,
519 4008 644 4055 Morum
662 4022 813 4060 suavitate,
831 4023 866 4055 &
888 4021 1022 4055 fidelitate
1041 4033 1107 4065 erga
1127 4036 1180 4057 nos
1199 4028 1232 4058 ὃς
1261 4025 1330 4056 sima
1344 4023 1459 4063 Regina
1477 4025 1658 4061 fungeretur,
1677 4033 1735 4054 tam
1753 4033 1853 4057 contra
1871 4024 2006 4058 Rebelles
2024 4026 2216 4066 Hibernicos,
2241 4038 2326 4065 quam

2237 4066 2335 4097 adver-
