2536 4255
61 138 191 173 ΛΜΗ),
203 146 236 176 &
258 145 372 176 Locum
391 143 570 182 prediftum‚
589 149 605 170 a
623 138 682 170 Die
701 138 778 170 Date
796 138 972 170 presentium
991 160 1001 175 ,
1029 136 1166 175 quamdiu
1192 133 1268 165 idem
1304 129 1416 170 fingula
1436 130 1454 150 ⁸³
1474 133 1503 160 in
1520 130 1616 170 eifilem
1633 138 1816 171 contenta,ac
1835 130 1974 162 humiliter
1987 134 2070 171 petiit
2089 132 2162 174 quod
2174 131 2376 164 Irrotulamen-

88 180 172 217 1625.
209 186 343 214 Herm-sus,
362 187 482 218 Stringer
503 180 530 210 se
556 180 630 208 bene
649 178 764 215 gesserit
781 179 810 207 in
828 176 942 207 Officio
960 177 993 207 &
1014 176 1100 206 Loco
1122 173 1269 213 prediolo:
1310 177 1369 214 tum
1388 169 1531 199 earundem
1550 169 1763 209 cancellantur,
1783 171 1857 209 ideo,
1873 170 1915 200 ad
1928 169 2095 211 Instantiam
2107 170 2217 211 prefati
2241 171 2377 210 Ricardi‚

210 222 402 259 Percipiendo
422 219 539 257 proinde
557 217 703 247 annuatim
721 216 814 246 eidem
833 218 952 246 Henrico
968 218 1108 252 Stringer,
1127 223 1178 254 pro
1197 212 1272 242 Feo-
1312 210 1408 237 Litere
1426 210 1559 238 Parentes
1572 209 1710 247 prediHe,
1726 220 1757 239 ac
1773 209 2020 240 Irrotulamentum
2037 210 2182 240 earundem
2196 234 2207 250 ,
2223 209 2378 241 cancellan-

66 261 164 286 ΒΗΑ·
213 259 256 291 do
275 262 308 292 ὅ(
325 258 474 296 Stipendio
492 256 560 292 suo,
571 256 757 294 quadraginta
773 258 792 284 Ι
796 254 875 284 ,ibrax
891 255 969 284 bone
987 255 1020 286 &
1035 253 1129 290 leg-alis
1149 251 1272 281 Monete
1314 253 1363 275 tur
1380 245 1418 282 ὠ·
1438 250 1544 277 omnim
1563 247 1742 278 damnantur.

65 221 118 248 An.
134 227 158 246 ι.

69 841 209 876 ΡΧνῙῙΙ.

108 880 169 911 218.

68 1640 146 1672 Ann.
160 1638 204 1670 D.
220 1632 271 1687 R

91 1680 177 1713 1625.

69 1722 122 1746 An.
146 1729 168 1746 1.

67 1761 130 1785 Car.
156 1766 179 1785 r.

66 1799 126 1824 Pae.
149 1805 172 1823 1.

67 1838 131 1862 Car.
150 1844 173 1861 1.

66 1879 93 1910 p.
104 1880 205 1909 24.n.5.

62 2901 140 2933 Ann.
153 2899 196 2931 D.

62 2939 177 3007 A¹625⁹

62 3002 125 3047 cai.
137 3027 161 3045 ι.

61 3058 119 3083 Pac.
140 3065 161 3084 r.

61 3096 124 3120 Car.
142 3103 167 3123 ι.
178 3099 204 3129 p.

65 3140 110 3167 ²4·
120 3140 145 3159 n.
153 3141 182 3167 4.

213 62 290 112 156
562 44 1294 96 coNvENTroN

213 298 335 336 Anglie,
351 307 399 334 per
419 295 524 325 Manus
539 294 716 324 Thesaurarii
735 293 859 323 Ecclefie
878 291 1053 323 Cathedralis
1071 290 1181 321 Christi
1196 292 1274 318 Oxo-

214 336 311 375 nienfis
329 345 381 373 pro
401 342 531 370 tempore
549 332 706 370 existentis,
725 332 760 362 ad
779 341 901 370 quatuor
920 331 1000 362 Anni
1020 330 1177 360 Terminos
1197 326 1275 357 usua-

214 375 253 406 les
281 397 290 411 ,
327 377 388 403 viz.
407 372 441 403 ad
458 371 534 403 Festa
550 370 669 401 Natalis
683 373 813 409 Domini,
833 372 1066 400 Annunciationis
1082 370 1169 397 Beate
1183 367 1277 395 Marit³

217 415 333 450 Wrginis
343 434 352 449 ,
369 413 547 441 Nativitatir
562 411 658 439 Simili
674 408 819 448 Johannis
835 407 974 449 Bapttste,
993 409 1026 438 &
1039 407 1135 437 Sanc‘li
1152 402 1277 434 Michae-

215 450 252 481 Iis
265 449 436 488 Archangeli
447 459 496 488 per
510 449 621 487 equales
635 448 784 478 Portiones
803 447 946 477 solvendas
970 458 980 485 3
1017 447 1107 483 prima
1128 443 1278 474 Solutione

218 488 285 519 inde
302 488 464 526 incipienda
488 487 522 518 ad
549 487 628 517 illum
655 485 770 516 Festum
797 485 948 515 Festorum
976 483 1168 522 prediciorum
1200 478 1279 518 quod

218 527 346 565 primum
359 529 393 559 &
408 527 542 564 proxime
556 526 682 557 evenerit
699 533 746 555 aut
766 524 922 561 acciderit,
941 523 1092 561 postqnam
1110 521 1186 550 idern
1200 521 1280 561 Hen-

218 568 287 595 ricus
300 569 423 603 stringor
439 565 583 595 Officium
599 565 654 595 five
671 564 785 594 Locum
802 562 1087 599 predietuni‚virtute
1101 560 1199 590 harum
1220 556 1282 587 Lit-

219 611 343 634 terarum
359 604 519 634 nostrarum
538 603 721 639 Parentium,
739 600 873 641 gaudebit
895 600 927 629 &
944 598 1112 638 poffidebit,
1132 607 1187 627 una
1207 604 1278 625 cum

218 643 357 673 omnibus
375 643 408 673 &
427 642 541 682 singulis
559 641 616 671 aliis
629 640 834 675 Libertatibus,
848 635 1228 674 Preheminentiis‚Juribus
1247 634 1280 663 &

221 679 495 711 Commoditatibus
509 680 603 710 eidem
616 678 729 709 Officio
744 678 799 708 five
813 676 898 707 Loco
910 675 1079 706 Prelee’toris
1098 681 1279 712 quoquomo-

220 718 261 749 do
276 719 465 757 speeiannbus
488 719 542 748 five
564 716 765 756 pertinentibus
833 724 866 745 ac
886 715 916 743 in
934 723 991 745 tam
1013 714 1114 751 amplis
1131 711 1229 742 Modo
1248 711 1282 740 δε

222 757 329 788 Forma
344 767 429 796 prout
446 758 557 794 Egidius
571 738 883 792 Laurenceffossannes
900 754 1179 790 Harmer,Henricus
1197 749 1283 788 Cuffi’,

222 795 366 835 Johannes
385 799 489 835 Peryn,
506 794 653 833 Johannes
671 792 775 830 Hales,
792 791 940 830 Johannes
957 793 1080 827 Harris,
1097 798 1143 820 aut
1160 788 1284 819 Prefatus

223 834 370 873 Johannes
386 835 405 855 ¹*
424 834 524 872 South,
543 842 589 863 aut
608 833 704 870 aliquis
722 831 807 868 alius,
824 830 880 861 five
897 830 982 867 aliqui
999 829 1044 860 alii
1064 828 1210 858 Officium
1234 825 1281 856 seu

218 874 339 905 Locum
356 873 517 911 prediemm
541 881 631 909 nuper
650 871 754 900 habens
773 868 816 899 vel
837 869 986 905 habentes,
1011 868 1110 897 habuit
1128 867 1184 898 five
1202 866 1283 903 gavi-

221 913 267 943 sus
284 913 520 949 fuit,habuerunt
538 911 594 940 five
615 908 701 946 gavifi
718 909 899 944 fuerunt,aut
919 907 1021 936 habere
1039 905 1085 936 vel
1096 905 1218 944 gaudere
1234 904 1283 933 de-

221 951 284 983 buit
300 951 356 982 five
375 951 611 986 debuerunt,pro
630 947 772 978 Exercitio
790 945 912 982 ejusdem
931 944 1034 975 Officii
1048 945 1104 974 five
1119 944 1282 981 Locignon

220 989 350 1021 obstante
370 1000 429 1019 non
448 989 614 1019 recitatione
632 986 745 1023 alicujus
763 984 864 1024 prioris
882 982 1157 1021 Conceffionis,per
1171 992 1223 1011 nos
1238 982 1284 1011 seu

221 1038 272 1069 per
293 1028 415 1067 aliquem
435 1026 670 1058 Predecessorum
685 1023 846 1054 nostrorum
863 1022 981 1052 antehac
998 1022 1091 1060 facte,
1108 1022 1140 1053 &
1155 1030 1215 1052 non
1229 1021 1285 1051 ob·-

224 1067 313 1099 stante
331 1067 419 1104 aliqua
437 1066 488 1096 alia
503 1064 592 1095 Caula
606 1064 649 1093 vel
667 1062 789 1093 Materia
802 1070 979 1100 quacunque.

260 1105 307 1137 Eo
332 1105 410 1143 quod
431 1104 555 1142 exprefla
573 1102 702 1139 mentio,
717 1102 781 1132 &a

260 1181 294 1213 In
311 1182 389 1219 cujus
407 1181 464 1218 rei,
481 1181 543 1212 &c.

223 1257 354 1328 &Teste
373 1258 480 1295 meipso
498 1255 571 1295 apud
590 1256 729 1293 Hampton
745 1257 862 1292 courte,
878 1251 1008 1293 rricefimo
1022 1255 1109 1291 primo
1126 1254 1181 1282 Die
1203 1251 1289 1281 0630-

257 1308 289 1328 is.

691 1371 744 1400 Per
763 1371 856 1399 Breve
874 1367 907 1398 de
926 1369 1047 1398 Privato
1065 1365 1173 1405 Sigillo,
1193 1365 1255 1402 &t-

219 1499 270 1533 De
286 1495 416 1532 Roherto
434 1495 540 1530 Heath
560 1495 673 1530 Milite
698 1497 728 1526 in
749 1496 954 1528 Attarnatum
983 1493 1158 1526 Generalem
1189 1490 1289 1536 consti·

696 1553 773 1576 tuto.

281 1630 362 1668 EX,
377 1631 514 1662 omnibus
532 1629 566 1660 ad
586 1638 677 1668 quos,
699 1629 759 1659 ὅτε.
798 1627 931 1658 Salutem.

309 1670 409 1701 Sciatis
426 1670 501 1708 quod
521 1678 593 1705 nos,
615 1668 650 1697 de
672 1667 818 1697 Fidelitate
839 1668 872 1697 &
897 1663 1167 1702 Circumspefflone
1188 1662 1286 1694 dilecti

221 1711 254 1741 &
270 1708 356 1738 fidelis
373 1710 461 1739 nostri
482 1707 591 1737 Robcrti
611 1705 708 1735 Heath
729 1705 850 1741 Militis,
868 1703 1058 1734 Solicitatoris
1076 1702 1164 1733 nostri
1185 1701 1285 1733 Gene-

220 1749 283 1780 ralis
298 1771 307 1784 ,
332 1749 488 1785 plurimum
513 1745 707 1781 confidentes,
727 1743 819 1780 ipsum
839 1742 986 1771 Robertum
1008 1742 1105 1770 Heath
1131 1740 1285 1771 constitui-

222 1797 300 1824 muS,
312 1787 525 1822 ordinavimus,
539 1784 739 1820 deputavimus
754 1783 786 1812 δε
801 1780 1020 1817 affignavimus,
1035 1790 1086 1817 ac,
1105 1788 1154 1816 per
1169 1779 1285 1810 Prcsen-

220 1835 260 1856 tes
281 1836 336 1864 pro
356 1826 438 1856 nobis
453 1823 614 1853 Heredibus
631 1822 663 1852 δε
682 1820 898 1850 Succefforibus
917 1817 1018 1848 nostris
1031 1842 1040 1856 ,
1067 1817 1284 1855 constituimus,

221 1864 406 1900 ordinamus,
419 1864 586 1900 deputamus
604 1862 636 1892 ὃ(
654 1858 822 1897 assignamus
845 1857 976 1887 nostrum
996 1855 1158 1886 Generalem
1176 1859 1284 1887 Artor-

217 1910 317 1969 natqu
337 1904 365 1932 in
385 1903 520 1932 omnibus
545 1900 640 1929 Curiis
658 1898 760 1929 nostris
780 1896 817 1927 de
838 1895 979 1926 Recordo
1000 1895 1031 1926 in
1054 1894 1160 1934 Regno
1182 1894 1282 1925 nostro

216 1945 270 1972 An
300 1945 343 1970 ie:

249 1952 426 2010 Hgibendum
446 1978 480 2008 &
495 1974 698 2016 occupandum
719 1974 863 2004 Officium
885 1971 1050 2009 hujusmodi
1063 1970 1206 2001 Generalis
1221 1973 1282 2001 At-

213 2021 320 2049 tornati
337 2016 424 2048 nostri
440 2016 548 2053 prefato
563 2015 679 2045 Roberto
696 2012 811 2049 Heath,
828 2012 964 2050 quamdiu
979 2011 1006 2042 se
1022 2011 1096 2042 bene
1114 2009 1228 2048 gefferit
1251 2011 1280 2040 in

209 2057 334 2088 eodem:
359 2055 548 2094 Percipiendo
561 2076 570 2091 ,
592 2055 621 2083 in
639 2055 671 2084 &
688 2062 742 2090 pro
768 2051 882 2081 Officio
902 2051 951 2080 illo
970 2049 1149 2088 exercendo,
1171 2048 1280 2088 Vadia,

211 2096 305 2165 ls²e0da
321 2118 331 2134 ,
364 2093 496 2125 Proficua
512 2095 544 2124 &
560 2093 692 2132 Regarda
710 2090 806 2121 eidem
821 2087 935 2120 Officio
952 2090 1120 2127 pertinentia
1135 2089 1193 2119 five
1209 2097 1283 2119 con-

227 2143 298 2165 ueta.

250 2171 392 2202 Dedimus
415 2172 500 2201 etiam
526 2179 561 2200 ac
586 2177 685 2199 tenore
709 2166 887 2198 Presentiurn
915 2166 1014 2196 damus
1034 2164 1147 2204 prefato
1164 2164 1282 2195 Roberto

213 2210 311 2241 Heath
326 2211 440 2248 plenam
461 2208 638 2239 Potestatem
659 2207 692 2237 &
705 2207 913 2236 Authoritatem
929 2205 1070 2243 faciendi,
1084 2204 1234 2234 ordinandi
1247 2205 1280 2235 ὃ(

211 2249 367 2290 deputandi
382 2249 448 2279 tales
460 2247 589 2278 Clericos
609 2246 641 2276 δε
661 2244 828 2274 Officiarios
843 2244 892 2275 sub
907 2244 1011 2282 scipio,
1025 2245 1055 2273 in
1077 2243 1202 2281 qualibet
1217 2241 1280 2272 Cu-

210 2289 250 2319 ria
265 2288 375 2324 nostra,
393 2286 484 2325 quales
500 2286 596 2323 aliquis
608 2284 675 2314 alius
692 2283 836 2313 Officium
855 2282 923 2312 illud
943 2290 1074 2319 preantea
1098 2282 1205 2311 habens
1222 2281 1280 2312 five

210 2336 374 2364 occupans,
389 2326 506 2363 habuit,
521 2325 605 2360 fecit,
621 2322 780 2360 ordinavit,
794 2322 839 2352 seu
853 2321 1014 2359 deputavit,
1026 2328 1074 2351 aut
1087 2321 1179 2351 facere
1188 2319 1280 2358 ,ordi-

210 2375 278 2396 nare
294 2366 338 2396 seu
354 2365 486 2402 deputare
501 2362 666 2394 consuevit:

246 2404 294 2435 Eo
311 2405 388 2442 quod
399 2426 408 2441 ,
427 2404 489 2434 &c.

250 2478 286 2510 ln
305 2480 386 2518 cujus
402 2479 460 2517 rei,
474 2479 538 2511 δίε.

212 2594 228 2625 ι
248 2556 339 2602 Teste
359 2554 445 2594 Rege
466 2554 538 2593 apud
554 2550 815 2592 Wstmonastermm
828 2573 839 2590 ,
863 2549 993 2590 tricesimo
1008 2552 1096 2590 primo
1117 2552 1172 2579 Die
1193 2548 1276 2579 0530-

230 2605 279 2625 ris.

959 2665 1014 2694 Per
1028 2661 1111 2702 ipfiaem
1126 2665 1238 2701 Regum.

241 2801 292 2834 De
312 2797 445 2832 Ricardo
460 2795 578 2832 Shilton
595 2799 627 2829 in
648 2795 866 2829 Solicitatorem
885 2792 1059 2826 Generalem
1075 2791 1239 2835 constituto.

214 2883 366 2939 REX,
383 2883 517 2927 omnibus
532 2881 567 2913 ad
585 2891 673 2921 quos,
691 2881 752 2911 &o
783 2878 926 2923 Salutem.
1011 2917 1016 2922 ι
1047 2918 1052 2923 .

311 2922 408 2953 Sciatis
429 2922 506 2961 quod
528 2931 581 2951 nos
602 2943 611 2958 ,
649 2920 685 2950 de
707 2918 807 2949 Gratia
830 2917 925 2948 nostra
943 2916 1070 2957 speciali,
1086 2926 1121 2947 ac
1145 2925 1180 2947 ex
1196 2925 1273 2947 certa

211 2960 336 2992 Scientia
351 2962 384 2992 &
401 2970 482 2990 mero
500 2958 591 2990 Motu
606 2958 708 2988 nostris
721 2980 730 2995 ,
751 2956 960 2994 ordinavimus,
982 2955 1102 2986 fecimus
1118 2956 1151 2987 &
1165 2954 1273 2986 consti-

134 2987 160 3007 ι’
211 3000 315 3030 ruimus
329 2998 465 3028 dilectum
480 2998 561 3027 nobis
576 2996 722 3026 Ricardum
735 2994 843 3025 Shilton
856 2994 892 3025 de
904 2994 1039 3026 Interiore
1047 2993 1177 3032 Templo
1193 2996 1273 3024 Lon-

213 3038 284 3076 don,
304 3036 432 3066 Militem
450 3034 608 3065 Generalem
630 3033 826 3064 Solicitatorem
845 3033 994 3070 nostrum,
1011 3042 1045 3062 ac
1066 3032 1155 3070 ipsum
1173 3036 1272 3062 Ricar-

214 3077 277 3106 dum
289 3074 415 3112 Shilton,
427 3072 587 3103 Generalem
599 3071 795 3102 Solicitatorem
813 3072 944 3102 nostrum
967 3081 1017 3109 per
1033 3071 1175 3102 Presentes
1193 3072 1272 3102 ordi-

213 3124 333 3151 namus,
347 3113 468 3143 facimus
482 3112 515 3142 ὃς
530 3110 742 3140 constituimus:

246 3146 851 3188 Habendum,occupandum,gaudendum
866 3148 899 3179 &
914 3146 1104 3178 exercendum
1122 3146 1267 3178 Officium

208 3191 278 3222 illud
299 3188 436 3228 quamdiu
458 3187 486 3217 se
506 3188 578 3217 bene
590 3186 700 3225 gefferit
718 3187 747 3215 in
767 3187 889 3223 eodem,

244 3227 434 3266 Percipiendo
450 3225 596 3256 annuatim
615 3224 710 3254 eidem
728 3224 843 3253 Ricardo
857 3221 983 3259 Shilton,
998 3231 1051 3260 pro
1065 3221 1267 3259 Occupatione

209 3268 244 3299 ὅ(
262 3266 405 3297 Exercitio
420 3263 522 3294 Officii
537 3262 674 3300 predicii,
690 3262 751 3291 talia
765 3263 797 3293 &
812 3270 890 3292 tanta
905 3260 1010 3298 Vadia,
1020 3260 1114 3290 Feoda
1124 3260 1270 3298 ,Proficua

210 3307 245 3336 ὃ(
265 3302 498 3334 commoditates
511 3300 602 3339 qualia
616 3302 649 3331 &
661 3308 765 3337 quanta
779 3300 912 3329 Robertus
927 3299 1024 3328 Heath
1044 3298 1268 3336 Milethomas

210 3347 350 3381 coventry
366 3341 521 3377 Miles,aut
539 3341 671 3368 Henricus
691 3337 834 3367 Yelverton
854 3337 959 3375 Mlles,
975 3337 1019 3367 vel
1033 3338 1130 3375 aliquis
1149 3337 1216 3367 alius
1234 3337 1270 3368 si-

211 3391 248 3411 ve
269 3381 354 3418 aliqui
367 3380 412 3410 alii
427 3379 573 3409 Officium
594 3376 754 3414 predietum
769 3384 896 3413 preantea
913 3375 1020 3405 habens
1042 3375 1098 3405 five
1113 3385 1269 3414 occupans,

212 3420 348 3449 habentes
370 3418 424 3448 five
446 3423 633 3454 occupanteS,
647 3414 743 3457 habuit
761 3416 793 3445 &
810 3413 1119 3452 percepit,habuerunt
1132 3414 1187 3444 five
1205 3423 1269 3452 per-

213 3468 247 3489 ce
285 3464 348 3487 runt
363 3457 394 3486 in
412 3457 445 3486 δε
463 3466 516 3495 pro
534 3454 678 3486 Exercitio
698 3452 823 3491 ejusdem
842 3452 955 3483 Officii.

273 3505 293 3526 ο
310 3494 406 3535 quod,
423 3494 485 3525 &c-

247 3570 284 3604 In
303 3572 383 3610 cujus
400 3571 458 3609 rei,
476 3570 537 3601 ὅτε.

218 3669 220 3671 -
248 3645 337 3679 Teste
355 3647 435 3687 Rege
453 3645 527 3685 apud
546 3641 822 3685 Wftmonasterium,
835 3644 920 3680 primo
935 3643 990 3671 Die
1005 3640 1180 3672 Novembris.

947 3701 1010 3737 iPer
1027 3700 1111 3740 ipsum
1127 3703 1232 3739 Regem.

251 3783 357 3811 Vocant
374 3780 408 3811 he
425 3783 521 3811 Litere
539 3782 671 3810 patentes
683 3801 694 3817 ,
719 3788 774 3808 una
798 3787 858 3807 cum
875 3775 1088 3807 Irrotulamento
1106 3777 1268 3817 earundem,

210 3826 259 3859 pro
276 3829 306 3848 eo
321 3820 390 3858 quod
401 3819 526 3858 prefatus
540 3817 683 3849 Ricardus
703 3816 821 3848 Shilton
836 3815 935 3853 Miles,
957 3815 1034 3845 sexto
1051 3817 1097 3846 die
1110 3815 1266 3855 OCtobris,

210 3861 300 3887 Anna
318 3860 399 3893 Regni
413 3860 494 3894 ‘Regis
514 3856 612 3887 Caroli
626 3856 722 3886 decimo
744 3878 754 3891 ,
792 3864 881 3885 coram
899 3854 987 3883 eodem
1006 3857 1120 3884 Domino
1142 3858 1212 3891 Rege
1233 3859 1264 3885 in

209 3894 379 3936 cancellaria
391 3895 445 3933 sua
456 3895 637 3935 perfia-aliter
654 3893 829 3931 constitutus,
844 3892 954 3933 sursum
972 3892 1087 3923 reddidit
1110 3896 1140 3922 in
1159 3896 1264 3923 Manus·

208 3933 276 3973 diiii
293 3935 405 3964 Domini
420 3935 500 3971 Regis
516 3935 629 3965 Literat
643 3933 712 3973 suas
729 3933 862 3963 Patentis
874 3932 1012 3972 predillas
1026 3954 1037 3970 ,
1060 3942 1092 3961 ac
1114 3935 1205 3962 omnia
1222 3931 1262 3968 &¹

1335 44 1458 91 Es,
1542 44 1994 99 LITERAE,

2406 117 2534 168 AnnAEQ

2427 156 2534 198 ¹⁶25a¹

2408 199 2462 225 An.
2479 208 2510 228 ι..
2526 210 2534 236 f

2410 239 2475 264 Car.
2492 246 2534 275 gn„

2409 271 2534 310 ‘xvn‘i

2443 322 2506 349 ²¹⁹·
2532 331 2534 337 i

1321 377 1370 408 De
1397 370 1596 417 Commiffione
1610 373 1735 419 speciali
1758 373 1873 408 direfia
1886 370 2037 423 Magistro
2063 375 2243 410 Rutulorum
2263 381 2298 418 ὠ·
2314 380 2383 413 aliis

1451 421 1495 454 ad
1508 420 1690 466 affistendum
1709 425 1841 457 Domino
1863 422 1983 467 Custodi
2002 427 2034 457 in
2050 424 2250 459 Cancellaria.

1447 545 1584 577 redueero
1603 547 1637 578 δε
1660 545 1735 576 fideli
1756 545 1926 578 Confiliario
1950 547 2048 579 nostro
2067 548 2150 588 Julio
2175 548 2259 588 Ceslzr
2276 547 2387 588 Militi,
2432 557 2523 598 1525,¹

2439 606 2454 624 n
2481 605 2495 628 1

1322 582 1470 628 Magistro
1486 584 1665 628 Rotulorum
1685 583 1773 615 Curie
1794 584 1969 617 Cancellarie
1988 587 2099 625 nostre,
2411 599 2438 623 A

1360 622 1426 661 Ac,
1443 622 1555 654 dilectis
1570 622 1751 667 &fidelibus
1766 624 1887 662 nostris,
1907 625 2050 655 Edwardo
2071 624 2197 664 Bromley
2214 625 2322 666 Militi,
2338 627 2387 659 uni
2407 619 2464 664 Car‘
2480 619 2505 666 χ’

1323 660 1466 691 Baronum
1483 662 1623 692 Scaccarii
1639 660 1744 699 nostri,
2405 675 2454 701 p„
2467 656 2504 704 '1'
2533 670 2536 685 τ

1346 698 1490 743 ᾅσὴαηηι·
1506 699 1659 743 Dodeiidge
1673 699 1781 738 Militi,
1791 700 2081 740 uniJusticiariorum
2095 702 2261 735 nostrorum
2273 703 2308 735 ad
2322 703 2388 736 Pla·
2405 696 2464 740 Car·
2486 696 2507 741 ι’

1324 746 1383 768 cita
1404 748 1505 768 coram
1522 739 1605 768 nobis
1620 738 1741 769 tenenda
1756 738 1959 779 affignatorum
1968 762 1978 779 ,
2410 759 2446 786 24
2461 735 2479 778 'n
2502 722 2520 780 ἐ

1359 775 1491 821 Jehanm'
1508 776 1636 806 Denham
1655 776 1851 815 Militi,alteri
1869 778 2014 810 Baronum
2029 778 2176 810 Scaccarii
2188 779 2293 818 nostri,
2407 773 2471 824 ιον),
2484 772 2491 781 ’

1362 815 1479 844 Ricaido
1496 817 1610 845 Hutton
1626 816 1789 854 Militi,uni
1801 816 2031 855 justiciariorum
2049 818 2216 849 nostrorum
2233 819 2270 849 de
2281 818 2392 858 Banco,

1349 852 1516 895 *Willielmo
1531 853 1619 897 Joner
1636 853 1745 891 Militi,
1757 855 1836 886 alteri
1849 855 2072 895 justiciariorum
2090 857 2253 888 nostrorum
2275 857 2310 889 ad
2327 856 2392 889 Pla-

1327 898 1386 921 cita
1411 901 1508 921 coram
1534 894 1617 921 nobis
1634 893 1756 923 tenenda
1772 894 1992 934 alfignatorum,

1363 928 1472 974 Jacobo
1501 929 1655 974 Whitloclfe
1676 931 1792 970 Militi,
1819 933 1895 964 alteri
1916 933 2144 973 justiciariorum
2167 934 2333 966 nostrorum
2357 933 2392 967 ad

1326 967 1435 1000 Placita
1452 978 1552 999 coram
1571 969 1656 999 nobis
1668 970 1788 1001 tenenda
1802 971 2006 1008 assignatorum
2017 997 2026 1012 ,

1327 1008 1507 1075 Baggancifco
1525 1009 1629 1046 Harvy
1648 1007 1741 1037 Militi
1764 1031 1774 1047 ,
1810 1009 1887 1040 alteri
1910 1011 2142 1050 justiciariorum
2167 1011 2330 1043 nostrorum
2358 1011 2395 1043 de

1406 1055 1442 1082 O,

1329 1131 1346 1152 c
1368 1086 1482 1121 Georgia
1502 1083 1586 1113 Croke
1606 1082 1722 1122 Militi,
1747 1084 1825 1117 alteri
1839 1085 2067 1125 Justiciariorum
2086 1088 2251 1121 nostrorum
2272 1088 2309 1120 de
2322 1088 2396 1120 Bane

1348 1132 1368 1152 o
1386 1144 1396 1159 ,
1477 1142 1482 1147 ·

1328 1197 1351 1229 Β
1365 1163 1483 1190 Henrico
1500 1159 1644 1191 Yelverton
1661 1160 1753 1191 Militi
1776 1184 1787 1200 ‚
1820 1163 1897 1195 alteri
1911 1163 2139 1203 Justiciariorum
2166 1166 2332 1199 nostrorum
2356 1165 2394 1198 de

1353 1208 1442 1237 anco,

1367 1237 1465 1267 Thome
1484 1239 1590 1267 Trevor
1605 1237 1800 1276 Militi,alteri
1820 1239 1965 1271 Baronum
1983 1240 2125 1272 Scaccarii
2139 1241 2229 1273 nostri

1365 1275 1464 1306 Carolo
1482 1274 1564 1315 Cesar
1583 1276 1692 1315 Militi,
1709 1278 1822 1318 Legum
1837 1278 1983 1317 DoCtori,
2237 1266 2248 1280 ’

1369 1314 1486 1344 Ricardo
1505 1317 1586 1343 More
1604 1314 1710 1352 Militi,
1845 1345 1847 1347 ,

1369 1352 1502 1392 Johanni
1519 1354 1564 1382 He
1581 1353 1667 1383 ward
1680 1353 1913 1395 Militi,Legum
1928 1354 2076 1396 Βοᾶοῐί,

1372 1390 1479 1421 Eubulo
1497 1390 1550 1421 The
1563 1391 1647 1421 lwall
1664 1392 1772 1431 Militi,

1370 1429 1487 1460 Roberto
1506 1429 1574 1459 Rich
1592 1429 1703 1468 Militi,

1370 1467 1504 1506 Johanni
1519 1467 1636 1498 Michell
1654 1467 1762 1508 Militi,

1369 1505 1508 1536 Edvardo
1528 1506 1618 1536 Salter
1638 1506 1745 1546 Militi,

1371 1544 1511 1574 Edvardo
1533 1544 1623 1574 Leech
1641 1545 1752 1585 Militi,

1369 1585 1453 1612 Petro
1474 1585 1593 1613 Mutton
1613 1582 1720 1620 Militi,

1369 1621 1510 1651 Edvardo
1526 1621 1620 1651 clerke
1637 1621 1747 1660 Militi,

1368 1659 1406 1690 Et
1424 1660 1522 1690 Thome
1539 1659 1619 1689 Eden
1643 1659 1758 1700 Legum
1779 1659 1907 1692 Doctori
1920 1682 1930 1696 ‚

1367 1697 1515 1766 lgsliigistris
1537 1698 1626 1729 Curie
1642 1698 1817 1730 Cancellarie
1831 1697 1973 1737 premere,

1390 1747 1404 1766 a
1417 1745 1506 1768 utem.

1368 1775 1463 1814 Qiia,
1477 1774 1643 1812 predileuus
1658 1773 1690 1804 &
1705 1772 1793 1804 fidelis
1813 1772 1998 1804 Confiliarius
2012 1771 2109 1804 noster
2122 1772 2238 1804 Thomas
2255 1778 2395 1815 Coventry

1329 1813 1430 1857 Miles,
1450 1813 1599 1844 Dominus
1614 1812 1722 1843 Custos
1739 1812 1843 1852 Magni
1858 1812 1952 1849 Sigilli
1967 1811 2072 1849 Anglie
2081 1834 2089 1851 ‚
2104 1811 2208 1844 nostris
2223 1814 2313 1845 arduis
2328 1815 2362 1845 N
2366 1826 2398 1846 e-

1328 1854 1416 1888 gotiis
1433 1861 1468 1882 ex
1488 1851 1634 1882 Mandato
1651 1850 1750 1881 nostro
1767 1852 1905 1881 continue
1921 1849 2069 1882 intendens
2093 1874 2102 1890 ‚
2139 1852 2167 1881 in
2188 1850 2293 1883 eisdem
2323 1854 2396 1885 adeo

1328 1890 1469 1928 versatur,
1491 1890 1570 1928 quod
1594 1891 1732 1921 continue
1745 1889 1887 1921 attendere
1904 1899 1964 1920 non
1979 1888 2070 1926 potest
2084 1900 2116 1921 ea
2132 1912 2142 1928 ,
2172 1900 2227 1928 que
2246 1892 2275 1921 in
2301 1890 2399 1924 Caufis

1329 1929 1363 1960 &
1386 1928 1532 1967 Materiis,
1550 1930 1622 1960 inter
1637 1928 1762 1959 diversos
1777 1927 1882 1966 Ligeos
1897 1929 1930 1959 &
1947 1928 2081 1958 Subditos
2097 1927 2208 1959 nostros
2221 1940 2255 1960 ac
2271 1929 2396 1969 alios,in

1330 1966 1420 1998 Curia
1442 1967 1536 1998 nostra
1550 1967 1730 1998 Cancellarie
1744 1967 1951 2005 pendentibus,
1965 1967 2090 2006 agenda,
2109 1968 2396 2006 tiaeranda‚audien-

1329 2005 1364 2038 da
1363 2029 1399 2075 121
1399 2006 1587 2044 expedienda,
1599 2005 1773 2038 discutienda
1793 2006 1827 2037 ὃς
1845 2006 2022 2037 terminanda
2042 2006 2095 2037 fint
2113 2008 2149 2039 &
2167 2005 2227 2038 fieri
2248 2007 2376 2050 debent,

1400 2055 1433 2076 0⁸
1443 2068 1452 2083 2

1352 2082 1501 2115 *Premiffa
1518 2083 1725 2115 considerantes
1747 2082 1931 2123 volentesque
1955 2083 2092 2114 omnibus
2110 2083 2144 2113 &
2163 2083 2276 2123 fingulis
2296 2085 2332 2117 Li
2353 2086 2395 2118 eis

1327 2121 1431 2154 nostris
1448 2133 1483 2154 ac
1506 2123 1565 2153 aliis
1581 2145 1591 2161 ‚
1613 2121 1789 2161 quascunque
1811 2121 1945 2152 Materias
1960 2121 2020 2152 suas
2039 2123 2069 2151 in
2087 2121 2188 2152 eadem
2208 2124 2298 2154 Curia
2345 2136 2395 2156 an-

1326 2161 1439 2192 cellarie
1458 2160 1554 2191 nostre
1572 2161 1823 2199 prosequentibus,
1837 2161 1893 2191 five
1906 2160 2110 2199 prosecuturis,
2125 2161 2241 2198 plenam
2263 2163 2295 2193 &
2318 2164 2395 2194 cele-

1326 2209 1386 2230 rem
1404 2198 1551 2238 Justitiam
1565 2199 1711 2237 exhiberi,
1726 2208 1786 2230 tam
1804 2200 1836 2229 in
1852 2199 2007 2238 Absentia,
2029 2208 2116 2238 quam
2130 2209 2160 2229 in
2175 2199 2318 2240 Prefimtia
2330 2212 2395 2241 pre-

1325 2237 1396 2268 dieti
1409 2241 1520 2269 Domini
1538 2237 1658 2276 custodis
1677 2241 1781 2275 Magni
1796 2237 1885 2275 Sigilli
1902 2237 2024 2275 Anglie,

1361 2275 1409 2307 Ac
1425 2277 1460 2307 de
1479 2275 1673 2307 Fidelitatibus
1694 2276 1727 2307 &
1753 2277 1879 2314 providis
1904 2275 2223 2315 CircumspeCiionibus
2245 2278 2345 2310 vestris
2361 2280 2393 2312 in

1322 2313 1379 2346 hac
1398 2314 1482 2347 Parte
1496 2315 1654 2358 plurimum
1669 2314 1861 2354 confidentes,

1360 2353 1575 2398 Affigmvrmus
1593 2363 1662 2390 νος,
1682 2363 1716 2384 ac
1735 2361 1835 2384 tenore
1859 2353 2037 2385 Presentium
2060 2354 2160 2385 damus
2181 2354 2265 2385 vobis
2286 2355 2320 2387 &
2342 2355 2395 2386 ali-

1321 2392 1424 2429 quibus
1438 2393 1526 2423 tribus
1541 2391 1587 2422 vel
1603 2392 1729 2429 pluribus
1743 2392 1870 2424 vestrum
1890 2393 1900 2429 (
1909 2402 2031 2431 quorum
2053 2393 2193 2431 prefatum
2207 2391 2321 2431 Julium
2342 2397 2393 2424 Ce-

1315 2430 1388 2469 Jbr,
1407 2430 1576 2460 Edvardum
1593 2430 1737 2469 Bromley,
1762 2430 1923 2469 Johannem
1946 2431 2083 2467 Dodridge
2096 2453 2107 2470 ,
2128 2431 2290 2469 Johannem
2314 2434 2393 2463 Den-

1321 2469 1400 2507 ham,
1420 2469 1567 2499 Ricardum
1584 2471 1714 2507 Hutton,
1731 2468 1907 2499 Willielmum
1922 2468 2029 2507 Jones,
2042 2469 2178 2507 Jacobum
2196 2469 2367 2501 Whitelocke
2376 2494 2387 2510 ,

1319 2507 1492 2547 Francifium
1511 2510 1646 2547 Harvey,
1662 2510 1805 2545 Georgium
1823 2507 1907 2536 Croke
1920 2530 1931 2545 ,
1954 2509 2103 2537 Henricum
2123 2508 2271 2538 Yelverton
2289 2531 2299 2546 ‚
2334 2519 2384 2541 aut

1319 2546 1449 2577 Thomam
1466 2548 1571 2575 Trevor
1583 2568 1593 2583 ,
1619 2555 1710 2576 unum
1729 2545 1786 2576 effe
1804 2545 1951 2582 volumus)
1973 2546 2001 2574 in
2022 2544 2162 2584 Abftntia
2180 2546 2251 2578 dieti
2268 2550 2384 2578 Domini

1319 2584 1440 2623 Custodis
1458 2587 1560 2622 Magni
1574 2583 1661 2622 Sigilli
1675 2583 1796 2623 Anglie,
1819 2583 1937 2615 Plenam
1957 2583 2135 2616 Potestatem
2157 2586 2191 2617 &
2215 2585 2383 2619 Authorita-

1321 2632 1401 2661 tem,

1355 2660 1498 2692 Audiendi
1514 2661 1548 2692 &
1566 2659 1745 2692 examinandi
1765 2660 1945 2699 quascunque
1965 2659 2102 2692 Materias
2118 2683 2129 2699 ,
2154 2659 2258 2693 Causas
2275 2664 2310 2696 &
2326 2663 2384 2695 Pe.

1316 2701 1450 2738 titiones,
1465 2709 1564 2730 coram
1582 2699 1716 2736 nobis,in
1736 2697 1812 2729 dieta
1831 2698 2007 2730 Cancellaria
2023 2699 2133 2737 nostra,
2148 2700 2221 2731 inter
2240 2702 2383 2740 quoscun-

1316 2749 1372 2777 que
1390 2738 1495 2776 Ligeos
1512 2738 1546 2768 &
1566 2737 1701 2768 Subdiros
1719 2736 1902 2775 nostros,aut
1914 2737 1982 2768 alios
1999 2738 2199 2778 quoscunque,
2213 2749 2291 2771 nunc
2309 2750 2382 2779 pen-

1315 2780 1413 2809 dentes
1430 2785 1475 2807 aut
1493 2776 1682 2814 imposterum
1700 2775 1810 2806 ibidem
1827 2776 1999 2807 exhibendas
2018 2777 2052 2807 ὃς
2072 2777 2251 2815 pendendas,

1352 2815 1392 2846 Et
1411 2814 1520 2846 easdem
1540 2814 1690 2852 Materias,
1706 2813 1809 2845 Causas
1832 2815 1865 2845 ὅ(
1883 2814 2057 2852 Petitiones,
2070 2816 2150 2852 juxta
2167 2814 2243 2846 fimas
2265 2816 2384 2850 Discre-

1316 2855 1407 2885 tiones
1426 2853 1546 2890 vestras,
1565 2853 1608 2884 vel
1627 2855 1713 2884 trium
1733 2852 1879 2891 vestrum,
1895 2861 1928 2883 ut
1945 2853 2106 2891 prediCtum
2123 2852 2308 2892 est,finaliter
2326 2866 2384 2889 ter·

1316 2892 1445 2924 minandi
1462 2893 1495 2924 &
1511 2891 1606 2922 debite
1624 2891 1797 2922 Executioni
1813 2891 2021 2930 demandandi,

1353 2930 1516 2968 Partesque,
1533 2931 1565 2961 in
1584 2929 1732 2968 Materiis,
1750 2928 1849 2960 Caufis
1865 2930 1912 2961 seu
1930 2929 2119 2961 Petitionibus
2137 2929 2192 2960 illis
2216 2933 2381 2965 nominatas

1314 2970 1347 3002 &
1363 2969 1547 3008 specificatas,
1565 2978 1599 2999 ac
1619 2968 1721 3000 Testes
1737 2969 1772 3000 &
1790 2968 1860 2999 alios
1876 2968 2062 3007 quoscunque
2077 2991 2087 3007 ,
2120 2978 2193 3006 quos
2218 2971 2304 3001 vobis
2332 2972 2378 3003 vel

1314 3009 1401 3040 tribus
1419 3006 1559 3046 vestrum,
1575 3015 1606 3038 ut
1625 3008 1786 3045 prediaum
1804 3006 1844 3037 est
1856 3007 1935 3045 ,fore
1952 3007 2097 3038 videbitur
2115 3008 2379 3049 evocandos,quo-

1313 3048 1383 3078 tiens
1400 3045 1530 3087 expedire
1548 3045 1693 3084 videritis,
1714 3055 1814 3077 coram
1833 3046 1916 3076 vobis
1931 3045 1983 3082 ,vel
2000 3047 2087 3078 tribus
2103 3045 2232 3078 vestrum
2255 3055 2287 3078 ut
2316 3057 2381 3086 pre-

1314 3086 1425 3117 dietum
1443 3085 1484 3115 est
1502 3084 1662 3122 evocandi,

1348 3124 1395 3154 Ac
1412 3123 1484 3160 ipsos
1501 3124 1535 3154 &
1551 3132 1653 3153 eorum
1674 3120 1828 3164 qussmlibet
1844 3120 1940 3153 debite
1956 3123 2111 3154 examinari
2126 3122 2340 3163 compellandi,

1348 3162 1476 3199 Diesque
1495 3160 1701 3191 Productorios
1717 3160 1889 3198 imponendi
1907 3162 1940 3192 &
1960 3160 2129 3199 assignandi,

1310 3198 1750 3270 &zsossfffi'squgHUOsfflnque
1764 3220 1774 3236 ,
1796 3199 1826 3229 in
1844 3209 1876 3230 ea
1894 3199 1978 3231 Parte
1995 3199 2179 3238 necessarios,
2197 3199 2377 3232 concedendi

1382 3248 1421 3268 eri
1453 3247 1532 3268 acren
1555 3247 1564 3266 1

1349 3275 1544 3319 Contemptus
1562 3259 1651 3306 e’tiam
1671 3274 1852 3315 quoscunque
1867 3297 1877 3314 ,
1902 3273 2084 3306 Commiffos
2103 3275 2160 3307 five
2176 3275 2356 3316 Perpetratos

1309 3314 1406 3346 debite
1423 3313 1578 3352 castigandi
1596 3313 1795 3356 ‹sc-puniendi,
2362 3299 2373 3316 ²

1348 3356 1363 3370 ⁸*
1385 3351 1542 3389 Ceteraque
1560 3361 1661 3395 omma
1675 3352 1709 3382 &
1727 3350 1830 3390 singula
1846 3350 1968 3382 faciendi
1990 3350 2024 3382 &
2038 3352 2197 3390 exequendi
2203 3362 2278 3391 ‚que
2293 3353 2370 3386 circa
2392 3340 2525 3379 *XVIIL

1310 3391 1444 3430 premissa
1463 3390 1616 3433 necessaria
1635 3389 1758 3427 fuerint,
1777 3392 1822 3420 seu
1842 3389 2062 3427 quomodolibet
2079 3399 2265 3431 opportuna,
2429 3395 2493 3414 ²²0·

1349 3429 1387 3460 Et
1404 3429 1471 3460 ideo
1486 3429 1568 3458 vobis
1587 3427 1754 3458 mandamus
1772 3427 1848 3466 quod
1866 3429 1942 3459 circa
1960 3428 2092 3466 premiffa
2107 3429 2256 3465 diligenter
2275 3432 2370 3464 inten-

1310 3467 1396 3506 datis,
1410 3478 1444 3498 ac
1459 3477 1489 3497 ea
1502 3466 1609 3497 faciatis
1621 3467 1657 3499 ὃς
1673 3467 1851 3504 exequamini
1866 3476 1936 3497 cum
1955 3467 2078 3498 effeetu:

1348 3506 1522 3536 Mandamus
1541 3505 1619 3534 enim
1641 3512 1740 3534 tenore
1761 3504 1926 3541 presentium
1948 3507 2081 3536 omnibus
2104 3505 2138 3534 &
2156 3504 2269 3543 singulis
2289 3506 2368 3539 Offi-

1310 3546 1399 3576 ciariis
1413 3545 1446 3575 &
1463 3542 1603 3574 Ministris
1616 3542 1717 3572 nostris
1736 3541 1825 3573 Curie
1835 3543 2011 3575 Cancellarie
2025 3542 2119 3573 nostre
2134 3544 2276 3582 predieie,
2285 3548 2364 3583 quod

1308 3584 1393 3614 vobis
1410 3583 1455 3613 vel
1475 3582 1560 3612 tribus
1575 3580 1702 3611 vestrum
1718 3603 1729 3619 ,
1747 3589 1778 3612 ut
1795 3582 1958 3619 preditstum
1975 3581 2034 3620 est,
2053 3582 2084 3610 in
2102 3580 2279 3613 Executione
2299 3586 2366 3617 Pre-

1311 3621 1459 3652 mifforum
1480 3621 1628 3658 diligenter
1644 3619 1808 3657 intendant,
1825 3630 1917 3658 prout¹
1929 3621 2027 3651 decet:

1348 3659 1490 3689 Volumus
1507 3659 1609 3695 etiam,
1627 3668 1661 3688 ac
1679 3668 1729 3695 per
1747 3658 1886 3696 presentes
1904 3658 2092 3689 concedimus
2112 3657 2190 3696 quod
2211 3661 2311 3691 omnia
2329 3663 2364 3694 &

1309 3698 1348 3728 fin
1371 3697 1414 3727 ula
1428 3697 1619 3734 Judicia,five
1638 3696 1742 3727 Finalia
1761 3696 1905 3734 Decreta,
1917 3706 1951 3727 ac
1966 3695 2162 3733 Ordines,per
2176 3706 2228 3727 vos
2245 3699 2290 3728 vel
2309 3708 2365 3731 tres

1309 3747 1345 3767 ve
1372 3745 1452 3773 rum,
1469 3745 1500 3766 ut
1515 3734 1673 3773 predictum
1688 3734 1745 3773 est,
1761 3735 1841 3773 super
1858 3733 2027 3773 hujusmodi
2041 3732 2138 3764 Caufis
2159 3734 2216 3764 five
2231 3735 2364 3770 Materiis

1307 3785 1341 3806 ac
1361 3773 1566 3811 Petitionibus,
1589 3782 1620 3804 ut
1637 3773 1790 3811 prefertur,
1808 3773 1950 3804 reddenda
1967 3771 2024 3802 five
2042 3771 2132 3802 fienda
2148 3795 2158 3809 ‚
2182 3773 2235 3804 fint
2253 3775 2287 3806 &
2304 3777 2362 3809 effi

1305 3814 1427 3844 debeant
1445 3814 1516 3843 tanti
1532 3812 1566 3843 &
1582 3812 1736 3843 confimilis
1753 3809 2033 3850 valorisAEffeetus,
2050 3809 2211 3850 Efficacie‚
2230 3812 2363 3846 Roboris

1305 3852 1339 3883 &
1356 3851 1488 3890 Virtutis,
1512 3861 1545 3881 ac
1563 3850 1582 3880 fi
1601 3861 1650 3888 per
1662 3850 1816 3890 predillum
1834 3853 1979 3880 Dominum
1998 3847 2134 3887 Custodem
2155 3854 2254 3889 Magni
2276 3852 2363 3891 Sigilli

1304 3889 1424 3960 itangue,
1441 3892 1475 3922 &
1492 3892 1570 3921 Curie
1588 3889 1757 3922 Camellarie
1770 3887 1858 3928 nostre
1874 3887 2017 3926 predicte,
2030 3887 2139 3920 reddita
2153 3888 2210 3921 five
2222 3890 2364 3924 reddenda

1318 3937 1424 3965 orent3

2298 3968 2373 4001 Pro-
