2536 4255
157 174 263 211 .i66

33 245 163 291 Anu-D·
183 254 220 284 de
240 253 440 291 presentatione
460 251 492 281 ad
507 249 676 281 Restoriam
693 248 730 278 de
747 243 989 286 Northwingfeild
1001 243 1065 274 alias
1084 239 1255 286 Northwirt-

52 285 142 324 '¹630-
177 291 255 333 feild
269 292 398 322 Diocefis
415 288 619 328 Coventrrenfis
637 287 676 322 ὠ·
694 284 852 354 Licheffs,
872 294 920 323 per
939 283 1102 326 privitatem
1120 282 1253 323 Simpme

34 327 87 351 “²'‘-
108 326 143 356 ⁶·¹
184 333 244 371 jam
270 331 405 368 legittime
432 337 578 357 vac-antem
596 350 606 364 ,
632 326 665 356 δε
685 325 720 355 ad
740 333 780 354 no
807 333 866 353 ram
888 322 1123 361 presentationem
1142 323 1254 349 ratione

34 365 97 389 Car„
119 371 142 389 ¹·
187 369 314 408 predicte
331 367 460 397 Simonie
479 367 671 403 speciantem3
699 362 737 393 Et
755 362 913 399 diriguntur
933 361 972 390 he
992 359 1085 389 Litere
1105 357 1253 400 Reveren—

188 409 227 439 do
249 408 275 436 iii
296 404 415 435 Christo
434 405 512 435 Patri
530 403 624 433 rhome
643 400 832 439 Coventrienfi
849 399 886 433 ὠ·
903 397 1030 437 Lichenfi
1045 396 1200 434 Episcopo.

225 443 314 475 Teste
334 444 417 481 Rege
436 443 511 481 apud
527 442 670 479 canbury,
687 441 773 471 tertio
792 441 837 469 die
854 437 940 477 Julii.

221 520 355 551 Robertus
371 518 470 558 Das),
490 518 636 556 Clericus,
654 518 740 548 habet
760 514 923 547 consimiles
942 512 1049 543 Literas
1068 510 1198 553 Parentes
1215 505 1252 536 de

185 560 394 599 presentatione
421 559 454 588 ad
483 557 628 588 Vicariam
655 557 692 587 de
710 554 860 586 Buckland
873 555 960 582 Bruer
979 553 1008 580 in
1026 549 1182 591 Com-initu·
1195 548 1254 575 De-

188 600 273 628 vonie
298 596 429 627 Diocesis
448 599 554 626 Oxonie
568 619 577 634 ‚
605 605 653 633 per
677 603 803 625 mortem
821 592 912 622 ultimi
931 589 1126 620 incumbentis
1146 584 1252 613 ibidem

190 639 241 666 'am
269 644 417 666 vacantem
433 659 442 671 ,
469 637 501 665 &c
527 635 561 665 ad
581 634 707 665 nostram
727 631 964 672 presentationem
982 626 1189 671 ‘speEtantenu
1214 621 1256 653 Et

182 647 346 744 {irigsuntur
372 673 407 704 he
433 673 527 704 Litere
546 672 718 704 Reverendo
734 672 762 702 in
778 669 896 700 Christo
914 667 989 697 Patri
1006 662 1144 703 Jofi’ph02
1163 664 1255 691 Oxvn·

238 722 293 742 ico
339 736 344 740 .

215 722 415 789 {sestgoRege
434 751 507 789 apud
527 750 672 790 Canhury‚
690 749 785 788 primo
804 746 849 775 die
865 742 952 782 Julii.

50 822 157 850 Undeci-
226 830 327 858 Petrus
349 831 514 866 Fantrart,
540 827 668 858 Clericus
683 848 693 864 ,
718 824 754 854 A.
776 821 824 853 Μ.
850 821 934 851 habet
957 816 1118 849 consimiles
1145 815 1256 860 Literas

35 870 81 888 ”²⁴³
94 864 155 887 Pars
186 867 318 900 Parentes
342 867 376 896 de
401 867 606 904 presentatione
629 866 662 896 ad
688 862 855 893 Restm-iam
873 860 908 890 de
927 856 1104 895 Paulerspery
1124 854 1254 884 Diocesis

35 902 95 926 Par.
111 900 139 926 ⁶·
188 905 416 946 Petriburgenfis,
438 905 500 943 jam
515 915 564 945 per
582 904 739 935 simoniam
758 907 929 940 vacantem,
946 897 979 926 &
996 895 1029 924 ad
1047 893 1173 937 nostram
1189 902 1255 930 Pse-

35 940 100 964 ΟΠ·
126 948 150 966 ¹·
188 944 377 975 sentationem
412 953 444 972 ro
459 944 509 974 hac
526 945 590 974 vice
605 937 841 981 spe&airtem;Et
858 936 1014 972 diriguntur
1028 932 1066 962 he
1085 932 1180 976 Litere
1193 931 1255 961 Re-

35 985 62 1004 η-
87 984 128 1011 ¹7·
188 985 316 1015 verendo
337 984 366 1013 in
384 953 503 1013 &bristo
522 982 597 1012 Patri
619 979 753 1010 Domino
767 977 864 1005 Diome
880 970 1081 1011 petriburgenfi
1097 971 1253 1009 EPIlCOPO.

227 1021 318 1052 Teste
331 1021 414 1060 Rege
429 1021 503 1060 apud
521 1016 775 1058 Westmonafierium
786 1038 796 1053 ,
813 1014 890 1044 sexto
905 1012 950 1042 die
964 1009 1083 1048 Aprilis.

195 1108 199 1111 ·
226 1098 383 1138 Francifius
400 1101 474 1133 Dee,
494 1097 522 1126 S⁴
540 1096 580 1126 T.
597 1096 630 1125 P.
646 1094 731 1124 habet
747 1091 854 1122 Literas
871 1089 1000 1120 Patentes
1018 1087 1054 1117 de
1070 1086 1257 1117 concessione

190 1138 225 1168 ad
243 1138 421 1167 Decanattirn
438 1135 565 1165 Ecclesie
580 1131 753 1164 Cathedralis
769 1127 931 1168 Cicqslrenfis
947 1149 957 1165 ,
986 1136 1034 1164 per
1049 1134 1175 1170 mortem
1193 1125 1257 1156 ulti-

189 1177 232 1206 mi
250 1175 361 1206 Decani
375 1175 481 1205 ibidem
494 1175 552 1211 jam
569 1179 735 1208 vacantem,
753 1170 786 1200 δε
805 1169 839 1199 ad
854 1166 980 1198 nostram
996 1165 1183 1195 donationem
1197 1165 1258 1203 ple-

191 1223 232 1245 no
244 1215 307 1251 jure
324 1215 502 1250 siiestantem.
905 1245 910 1250 .
1012 1244 1017 1250 ’
1033 1245 1038 1249 ῃ

226 1252 300 1283 Test
316 1252 397 1290 Rege
409 1250 483 1289 apud
499 1247 769 1289 westmonasterium,
786 1245 865 1275 sexto
883 1244 929 1275 die
942 1240 1061 1282 Aprilis.

225 1333 352 1366 Georgius
375 1327 495 1357 Herbert
511 1349 520 1364 ,
547 1325 583 1356 A.
606 1324 653 1355 M.
671 1324 753 1354 habet
778 1322 887 1353 Literas
911 1319 1046 1350 Parentes
1066 1318 1101 1350 de
1119 1317 1257 1359 presenta-

191 1367 272 1400 tione
290 1368 322 1396 ad
342 1367 508 1396 Re&oriam
525 1364 562 1394 de
581 1363 690 1402 Fulllon
709 1362 804 1392 Sanffl
830 1362 908 1390 Petri
927 1360 960 1391 &
978 1360 1130 1388 Rem-erton
1148 1358 1260 1388 Dioce-

192 1408 229 1439 sis
251 1409 346 1435 Sarum
360 1426 369 1441 ,
398 1405 452 1441 iim
479 1404 619 1441 legittime
642 1402 674 1433 &
693 1400 728 1431 de
743 1401 806 1439 jure
827 1405 974 1429 vacantem
989 1419 998 1434 ,
1027 1397 1060 1427 &
1080 1396 1113 1440 ad
1133 1395 1259 1440 nostram

215 1445 428 1474 resentationem
448 1452 495 1479 per
513 1440 742 1471 Transsationem
761 1439 854 1468 ultimi
874 1436 1071 1466 Incumbentis
1099 1435 1206 1464 ibidem
1224 1435 1259 1465 ad

224 1483 397 1520 piscor-arum
425 1478 636 1519 Bathonienskm
664 1476 701 1512 ὠ
730 1475 888 1515 Wellenftm
905 1474 1106 1512 spec‘tantem3
1136 1472 1173 1502 Et
1193 1472 1260 1502 diri-

191 1530 298 1561 guntur
309 1521 350 1588 ὲκ
366 1520 466 1588 sLitere
485 1516 658 1550 Reverendo
677 1518 706 1546 in
728 1515 846 1547 Christo
863 1514 940 1545 Patri
956 1511 1094 1543 Domino
1111 1510 1260 1550 Johanm',

195 1563 292 1589 Sarum
327 1560 329 1564 “
357 1560 414 1589 ico
434 1568 461 1588 o.

193 1594 197 1598 ’
228 1597 318 1628 Teste
336 1568 509 1637 Regepapud
529 1593 786 1635 Wstmonasterium
799 1615 806 1623 .
826 1588 1035 1622 decimo-sexto
1053 1588 1100 1621 die
1118 1588 1236 1628 Aprilis.

191 1673 376 1745 ivaZ‘r'rsss's'shfi‘e
393 1668 858 1751 ζέῗέξὶἶὲὅῃὲξὲεἳέἐᾱῧέῑῗώ
870 1666 1262 1750 ὴέἒῗὲαἳῖἓῆῗέῗςυῐῖὲῗὲἓὲ

195 1753 306 1782 Exonie
321 1775 331 1789 ,
358 1761 408 1790 per
426 1759 550 1781 mortem
572 1750 666 1780 ultimi
684 1746 883 1779 Incumbentis
900 1744 1006 1789 ibidem
1026 1754 1176 1775 vacantem
1191 1768 1202 1783 ,
1226 1745 1261 1776 δε

193 1791 229 1820 ad
248 1790 373 1821 nostram
393 1789 630 1828 presentationem
649 1787 824 1825 spectantem
841 1796 851 1823 ;
878 1783 914 1814 Et
933 1783 1091 1821 diriguntur
1109 1783 1147 1813 he
1165 1784 1261 1815 Litere

194 1828 369 1860 Reverendo
388 1830 417 1859 in
437 1827 556 1858 Christo
589 1826 666 1856 Patri
685 1825 820 1856 Domino
835 1822 954 1868 Jrfi'pho
972 1824 1080 1866 Esrom'e
1105 1821 1262 1861 Episcopo.

230 1867 321 1900 Teste
339 1867 425 1906 Rege
443 1866 517 1904 apud
535 1863 812 1906 Westmonasteriian³
831 1864 967 1894 vicesimo
988 1859 1034 1891 die
1050 1860 1171 1899 Aprilis.

229 1944 346 1984 zhomas
363 1943 502 1982 Bradlcy,
516 1942 661 1980 Clericus,
677 1941 762 1972 habet
781 1939 942 1971 consimiles
957 1937 1062 1971 Literas
1081 1938 1212 1971 Patentes
1226 1941 1261 1973 de

192 1986 398 2022 'presentatione
415 1984 448 2013 ad
468 1982 637 2012 Restoriam
653 1980 688 2010 de
707 1977 861 2019 Castleford
877 1978 1007 2010 Diocefis
1028 1978 1148 2008 Eborum
1165 2002 1176 2018 ,
1198 1980 1261 2018 jam

193 2023 333 2060 legittime
352 2029 502 2053 vacantem
514 2043 524 2059 ‚
549 2021 582 2051 δε
605 2019 639 2050 ad
658 2017 786 2049 nostram
811 2017 1045 2056 presentationem
1065 2026 1114 2055 per
1133 2027 1261 2049 mortem

192 2062 287 2091 ultimi
304 2059 500 2091 Incumbentis
519 2059 623 2089 ibidem
644 2057 843 2096 speEtantem3
869 2056 907 2088 Et
927 2056 1088 2093 diriguntur
1108 2056 1146 2086 he
1164 2057 1260 2088 Litere

191 2098 445 2130 Reverendillimo
470 2099 500 2128 in
527 2097 646 2128 Christo
669 2095 745 2126 Patri
769 2094 903 2126 Domino
927 2093 1044 2125 Samuel}
1061 2093 1182 2125 Eborum
1204 2095 1260 2127 Ar-

192 2139 258 2168 chie
268 2139 335 2168 risco
345 2148 384 2167 Ἰο.

229 2150 320 2245 ἷξίὶε
338 2148 427 2216 *Rege
452 2175 528 2216 apud
546 2172 804 2215 Wistmonasleri'um
818 2196 829 2211 ,
853 2171 1115 2206 vicesimo-octavo
1138 2171 1184 2204 die
1210 2175 1258 2203 A·

188 2224 233 2254 pri
246 2226 279 2246 is.

230 2294 340 2324 Henock
363 2292 491 2334 Stephens
505 2317 515 2333 ,
541 2291 698 2328 Clericus,
725 2290 763 2322 A.
772 2285 831 2320 'M.
853 2289 940 2321 habet
965 2288 1127 2321 consimiles
1155 2290 1262 2322 Literas

192 2331 325 2363 Patentes
348 2333 382 2363 de
407 2333 609 2371 presentatione
635 2331 670 2361 ad
687 2330 857 2360 Redioriam
883 2328 919 2358 de
943 2328 1100 2367 Blisworth
1128 2328 1261 2361 Diocesis

195 2370 405 2441 Perriburgergs
420 2394 429 2409 ‚
453 2381 504 2409 per
530 2378 655 2400 mortem
679 2369 775 2399 ultimi
794 2367 993 2398 Incumbentis
1012 2367 1118 2397 ibidem
1134 2368 1192 2405 jam
1213 2378 1262 2400 va-

196 2418 311 2439 cantem
325 2433 334 2448 ,
378 2420 389 2425 *
407 2409 441 2439 ad
461 2408 586 2440 nostram
605 2408 792 2438 donationem
811 2407 856 2437 seu
876 2405 1110 2443 presentationem
1129 2416 1262 2443 quocun-

196 2457 254 2484 que
281 2448 371 2478 modo
396 2449 459 2486 jure
486 2447 530 2478 vel
549 2447 632 2478 titulo
656 2447 683 2477 le
705 2446 738 2474 ali
765 2444 963 2487 spestantemj
988 2442 1026 2473 Et
1045 2444 1207 2480 diriguntur
1223 2445 1262 2475 he

62 2490 84 2509 ¹⁸
100 2491 179 2520 xlx,
198 2486 293 2517 Litere
319 2486 491 2517 Reverendo
515 2487 544 2516 in
564 2486 584 2505 ²¹²
603 2484 674 2516 Chri
701 2494 721 2514 o
747 2482 822 2514 Patri
849 2481 988 2513 Domino
1003 2481 1101 2511 Tharne
1119 2482 1262 2513 Petribur-

47 2537 113 2565 ²59-
195 2524 272 2593 genss
289 2524 444 2562 Episcopo.

235 2563 242 2570 '
268 2562 325 2593 este
345 2563 424 2602 Rege
437 2562 512 2600 apud
530 2560 800 2600 westmonasterium,
818 2558 994 2590 duodecimo
1013 2557 1060 2590 die
1080 2561 1166 2589 Maii.

236 2637 385 2677 Johanncs
398 2637 490 2677 Listy,
510 2637 658 2673 Clericus,
677 2637 712 2666 A.
733 2636 780 2666 M.
797 2637 883 2666 habet
901 2635 1061 2666 consimiles
1081 2636 1190 2667 Literas
1208 2636 1264 2668 Pa—

197 2680 289 2710 'tentes
306 2677 341 2708 de
360 2676 561 2714 presentatione
581 2675 615 2704 ad
634 2674 805 2704 Refitoriam
831 2674 867 2703 de
890 2674 1010 2711 Harling
1036 2674 1169 2705 Diocesis
1189 2679 1265 2704 Cice-

194 2715 306 2756 {irenfis
322 2738 332 2754 ‚
358 2716 466 2745 ratione
493 2713 624 2744 Simonie
641 2712 686 2742 seu
704 2713 758 2742 alio
777 2713 878 2750 quovis
893 2713 976 2749 jure,
1002 2713 1085 2742 titulo
1112 2713 1157 2742 vel
1184 2712 1265 2751 legali

199 2756 294 2785 modo
319 2761 470 2784 vacantem
486 2775 494 2789 ,
520 2753 553 2782 &
578 2750 611 2780 ad
626 2750 753 2780 nostram
772 2750 1003 2788 presentationem
1031 2760 1062 2779 ea
1080 2751 1188 2780 ratione
1207 2753 1265 2781 sive

201 2793 252 2823 alia
275 2793 374 2829 quavis
394 2791 532 2829 legittima
551 2789 587 2819 de
606 2789 685 2819 causa
702 2789 872 2826 spectantem
888 2799 897 2825 3
923 2787 959 2817 Et
985 2788 1140 2825 diriguntur
1157 2789 1194 2818 he
1215 2789 1266 2820 Li-

202 2839 263 2861 tere
279 2830 454 2861 Reverendo
472 2831 500 2859 in
521 2827 637 2859 Christo
657 2827 734 2857 Patri
752 2827 886 2856 leit-harda
905 2825 1056 2866 Cicest'renfi
1073 2826 1231 2865 Episcopo.

238 2869 329 2900 Teste
348 2869 427 2909 Rege
445 2867 518 2906 apud
538 2865 815 2907 Hbstmonqsteri'um,
834 2865 956 2903 septimo
974 2865 1019 2895 die
1037 2866 1127 2903 Junii.

49 2944 129 2976 Ὰηη.
145 2943 186 2975 D.
206 2945 339 3004 REX
358 2968 367 2983 ‚
394 2946 456 2976 διε.
476 2942 650 2975 Reverendo
671 2943 699 2972 in
726 2941 844 2972 Christo
874 2942 948 2973 Patri
974 2941 1109 2972 Domino
1135 2941 1266 2980 Johanm'

74 2984 162 3022 1630.
283 2984 464 3024 permissione
483 2984 577 3013 divina
595 2985 692 3010 Sarum
711 2980 856 3019 Episcopo
874 3003 883 3019 ,
910 2981 1000 3018 ejusve
1022 2982 1049 3010 in
1070 2981 1198 3012 absencia
1214 2981 1266 3012 Vi—

54 3026 114 3050 Pars
130 3028 171 3051 dc·
207 3024 284 3054 cario
310 3025 338 3053 in
362 3022 554 3059 Spiritualibus
579 3020 721 3058 generali,
748 3019 805 3050 five
825 3019 869 3050 alii
887 3021 1051 3057 cuicunque
1068 3020 1099 3049 in
1118 3020 1170 3050 hac
1191 3029 1266 3059 parte

54 3064 120 3090 rima
204 3063 405 3092 authoritatem
425 3061 554 3095 habenti,
572 3059 708 3088 Salutem.

52 3103 175 3136 semma,
247 3100 294 3131 Ad
320 3099 497 3131 Prebendam
518 3099 573 3128 five
592 3097 806 3127 Canonicatum
822 3095 857 3126 de
877 3098 975 3137 Lynne
995 3097 1028 3127 &
1047 3096 1219 3136 Harlrstacke
1237 3099 1266 3128 in

56 3144 118 3168 Ιαε.
134 3142 161 3167 6.
208 3138 333 3170 Ecclesia
359 3137 525 3168 cathedr-ali
551 3139 648 3165 Sarum
662 3158 671 3172 ,
696 3134 788 3164 vestre
814 3133 946 3163 Dioccsis
959 3157 969 3171 ,
986 3145 1033 3172 per
1053 3137 1267 3172 promotionem

57 3182 120 3205 Car.
144 3188 165 3206 i.
209 3179 268 3209 sive
287 3176 496 3207 translationem
516 3174 679 3205 Reverendi
697 3174 726 3201 in
745 3172 863 3202 Christo
880 3172 968 3202 Patris
987 3172 1102 3202 Walteri
1119 3174 1198 3203 Curle
1215 3184 1269 3205 nu-

59 3222 108 3244 lio.
128 3215 174 3251 87.
208 3223 259 3253 per
278 3215 411 3254 Episcopi
433 3212 577 3253 Roff'erzfis,
595 3212 630 3242 ad
647 3210 848 3250 Episcopatum
867 3210 1077 3254 Birthoniensem
1096 3209 1134 3246 ὠ·
1154 3211 1269 3243 [Vellen-

206 3254 263 3294 sem
289 3262 461 3291 vacantem,
488 3253 521 3283 &
543 3251 578 3281 ad
605 3249 732 3280 nostram
756 3249 991 3287 presentationem
1016 3258 1078 3286 jure
1095 3252 1271 3288 prerogative

211 3292 333 3322 Corone
351 3292 445 3322 nostre
464 3290 556 3330 Regie
571 3289 626 3319 hac
651 3290 715 3318 vice
729 3287 898 3325 spe6iantem
917 3310 926 3324 ,
953 3287 1104 3318 Dilectum
1124 3289 1224 3318 Nobis
1241 3291 1270 3319 in

212 3330 334 3361 Christo
351 3334 481 3367 Rogerum
499 3332 585 3359 Bates
602 3350 611 3364 ,
631 3326 780 3356 Clericiim
799 3325 884 3356 Sacre
898 3325 1063 3364 Theologie
1078 3326 1272 3357 Prosefforem

214 3369 309 3399 Vobis
336 3370 546 3406 presentamus3
576 3365 723 3404 Rogantes
745 3365 778 3394 ὃ(
802 3365 972 3401 requirentes
998 3373 1133 3402 quatenus
1148 3365 1272 3395 eundem

216 3411 347 3445 Rogerum
374 3409 458 3436 Bam
481 3407 514 3436 ad.
541 3403 719 3439 Prebendam
747 3406 803 3433 live
830 3402 1042 3432 Canonicatum
1068 3404 1105 3433 de
1123 3406 1222 3442 Lynne
1240 3405 1274 3435 ὃς

220 3445 395 3485 Harlestocke
422 3445 546 3483 predicta
565 3443 715 3473 admittere
730 3462 740 3478 ,
763 3439 913 3483 Ipsumque
929 3440 1148 3471 Prebendarium
1168 3442 1276 3473 ibidem

220 3485 363 3515 instituere
388 3485 421 3515 ὃς
446 3482 578 3514 investire
592 3504 602 3519 ‚
629 3489 698 3511 cum
716 3480 850 3522 omnibus
869 3479 918 3508 suis
932 3480 1040 3516 juribus
1055 3502 1064 3517 ,
1090 3481 1224 3510 membris
1243 3482 1276 3512 ὃς

221 3522 402 3560 pertinenciis
420 3522 568 3557 universis,
585 3527 733 3556 ceteraque
751 3526 847 3547 omnia
866 3518 898 3548 &
918 3517 1022 3555 singula
1039 3517 1131 3548 facere
1150 3520 1183 3549 &
1203 3528 1280 3556 pera-

223 3570 305 3600 gere,
325 3570 380 3629 qux?
399 3560 494 3590 vestro
513 3560 541 3589 in
558 3560 611 3589 hac
630 3566 708 3596 parte
727 3556 898 3586 incumbunt
915 3555 1027 3586 Officio
1046 3556 1192 3595 pastorali,
1212 3558 1282 3587 veli-

224 3609 258 3630 tis
276 3608 344 3629 cum
372 3608 466 3630 avore.

264 3674 299 3705 In
314 3675 393 3712 cujus
409 3676 464 3712 rei,
482 3674 544 3705 &c.

268 3749 358 3780 Teste
376 3750 459 3789 Rege
478 3749 551 3790 apud
572 3745 848 3790 Wcstmonasterium,
863 3745 940 3777 sexto
958 3745 1005 3776 die
1023 3744 1138 3784 Aprilis.

549 3826 602 3855 Per
618 3827 767 3857 Dominum
781 3822 918 3864 custodem
930 3825 1030 3859 Magni
1043 3820 1130 3859 Sigilli
1142 3821 1256 3859 Anglie.

263 3898 411 3938 consimiles
424 3902 537 3930 Literas
550 3903 680 3930 Parentes
694 3901 794 3930 habent
809 3898 922 3938 Perfime
929 3897 1080 3939 fiaebfiripte
1094 3894 1133 3933 ὠ
1150 3898 1182 3928 de
1193 3897 1266 3928 datis

568 3942 649 3967 etiarn
657 3938 813 3978 ficbfiriptis
829 3937 965 3968 videlicet.

274 4017 418 4045 Antonius
434 4012 551 4050 'Ibpham
585 4012 732 4050 Cleiicis,
751 4014 833 4045 Sacre
849 4014 1014 4052 Theo!ogie
1029 4012 1191 4050 Professor,
1208 4012 1295 4044 habet

94 4023 203 4054 M'S6‘
239 4054 399 4087 caminisses
421 4050 529 4084 Litzras
559 4035 688 4084 sistentes
711 4054 746 4082 c'e
777 4052 984 4090 presentatione
1008 4052 1042 4083 ad
1067 4051 1241 4084 Recroriam
1258 4053 1296 4083 de

648 148 1458 204 CONVENTIONES,
1507 142 1905 212 LITER·AE‚

2382 211 2512 267 Anle
2526 209 2530 216 ‘

2398 248 2489 291 1630:
2508 249 2512 253 '

2376 294 2429 318 An.
2443 292 2472 319 6.

2373 333 2438 369 Car.
2451 339 2476 357 r.
2502 335 2507 365 j

1299 232 1349 262 chi
1370 232 1403 262 eh

1295 272 1328 301 ὃ(
1348 232 1389 300 {ild
1416 270 1544 302 nost-ram
1568 270 1808 309 presentationem
1832 267 1919 305 pleno
1934 275 1997 303 Jure
2014 265 2187 304 speritantern
2199 276 2222 304 3.
2237 264 2273 295 Et
2289 264 2356 294 diri—

1293 318 1399 346 guntur
1417 309 1454 338 he
1472 308 1570 339 Litere
1587 308 1761 341 Reverendo
1786 308 1816 337 in
1835 304 1957 338 Christo
1977 304 2054 334 Patri
2071 302 2209 335 Domino
2227 302 2356 343 Johamu'

1293 345 1410 385 Roffenfi
1425 347 1581 385 Episcopo.

1328 385 1419 415 Teste
1435 385 1572 423 utsupra.

1405 231 1612 272 urstDiocefis
1628 229 1775 274 Roffi’pfis,
1790 230 1852 268 jam
1868 227 2007 271 legittime
2021 226 2056 258 &
2073 225 2180 265 dejure
2193 233 2361 270 vacantem,

1330 461 1482 491 Richardus
1496 460 1668 498 Fleetwood,
1687 460 1836 498 Clericus,
1854 460 1939 528 hagwet
1955 458 2114 489 consimiles
2133 457 2240 488 Literas
2255 455 2360 500 Paten-
2377 457 2426 482 No.
2443 451 2504 495 85‘.
2526 432 2536 487 J

1292 508 1333 530 tes
1350 500 1388 530 de
1405 500 1608 539 presentatione
1633 500 1667 529 ad
1685 498 1855 528 Rectoriam
1903 508 1919 528 e
1937 496 2082 536 stratford
2097 495 2227 527 Diocesis
2245 495 2363 523 Nor‘iin-
2503 523 2505 525 ,
2534 502 2536 507 ·

1293 549 1375 607 ἕῖέὲ
1388 534 2171 612 {mssa&3253153232012533533sssssi‘iifflisss‘
2184 540 2366 609 {icii'rieg‘ffnt

1294 623 1339 646 tur
1363 615 1401 645 he
1427 615 1524 646 Litere
1535 586 1723 645 PReverendo
1747 615 1778 644 in
1805 611 1924 643 Christo
1949 611 2026 642 Patri
2051 597 2185 642 Domitio
2210 609 2366 649 Francisco,

1293 654 1465 694 Norwicenfi
1481 653 1634 691 Episcopo.

1331 692 1423 723 Teste
1441 692 1527 732 Rege
1545 691 1619 730 apud
1639 688 1901 730 westmonasterium
1917 711 1927 727 ,
1951 687 2070 719 decimo
2087 688 2165 719 seXto
2181 689 2228 720 die
2246 685 2366 726 Aprilis.

1335 768 1452 799 Thomas
1461 768 1568 808 Jones,
1587 767 1737 805 Clericus,
1755 768 1786 797 in
1805 766 1920 798 Artibus
1938 764 1989 795 Ma

1296 807 1334 837 les
1359 808 1468 838 Literas
1487 808 1617 839 Patentes
1643 806 1680 837 de
1705 805 1910 844 presentatione
1936 804 1971 835 ad

1296 845 1429 876 Diocesis
1445 844 1646 883 Coventrienfis
1665 844 1703 880 ὠ»
1723 843 1859 884 Hcheyzfis
1873 868 1882 881 ,
1901 844 1956 881 jam
1974 842 2113 882 legittime
2140 844 2173 873 &
2193 842 2227 872 de
2243 844 2302 878 iure
2316 851 2366 871 va-

1295 894 1413 915 cantem
1428 908 1437 922 ,
1464 886 1497 917 &
1523 885 1557 914 :id
1585 883 1712 913 nostram
1732 883 1966 919 presentationem
1995 887 2050 912 live
2070 891 2117 917 per
2136 881 2299 918 pravitatem
2321 879 2367 910 Si-

1296 925 1396 953 monie
1415 924 1471 954 sive
1491 932 1538 960 per
1558 920 1681 958 Lapsum
1707 922 1842 958 temporis
1860 921 1912 950 hac
1929 921 1993 951 vice
2010 920 2208 957 spe&antem;
2235 918 2273 950 Et
2299 919 2367 950 diri-

1294 970 1401 1000 guntur
1424 962 1460 992 he
1488 962 1585 991 Litere
1611 959 1785 990 Reverendo
1809 960 1839 988 in
1864 957 1984 989 Christo
2002 958 2078 989 Patri
2094 958 2231 989 Domino
2249 956 2367 993 Thome,

1295 1000 1489 1041 coventriensi
1502 998 1540 1035 &⁷
1558 997 1687 1038 lichenfi
1703 997 1856 1034 Episcopo.

1294 1077 1315 1107 l.
1333 1039 1423 1070 Teste
1441 1038 1528 1077 Rege
1546 1037 1623 1077 apud
1642 1035 1919 1075 Westmonasterium,
1937 1033 2055 1066 decimo
2072 1035 2194 1073 septimo
2211 1033 2257 1067 die
2275 1037 2367 1074 Apri-

1305 1089 1338 1108 15.

1991 763 2075 795 trister
2090 787 2100 803 ,
2125 764 2210 796 habet
2225 764 2364 796 confimi-
2382 771 2432 797 Na.
2445 766 2493 803 843

1991 789 2158 833 Rc6toriam
2177 804 2213 833 de
2231 802 2367 842 Hordeley

2505 745 2536 842 ἒ

2528 1045 2536 1134 J

1336 1154 1457 1194 Jacobus
1472 1152 1578 1196 Bafly,
1597 1153 1729 1186 Clericus
1739 1175 1750 1191 ,
1770 1153 1799 1183 in
1815 1151 1932 1182 Artibus
1949 1147 2092 1194 Magister
2105 1173 2115 1188 ,
2132 1147 2217 1180 habet
2231 1154 2368 1185 confimi·
2383 1147 2432 1172 NJ·
2445 1139 2495 1179 83³

1297 1193 1335 1224 les
1355 1194 1461 1225 Literas
1475 1195 1608 1226 Parentes
1626 1194 1662 1224 de
1680 1192 1886 1231 presentatione
1905 1190 1938 1220 ad
1959 1189 2102 1220 vicariam
2116 1186 2153 1218 de
2170 1188 2277 1231 waley
2291 1192 2370 1224 Dio-
2528 1182 2529 1219 l

1298 1232 1367 1263 cesis
1390 1232 1603 1273 Glaucestrienfis
1621 1255 1631 1270 ,
1655 1242 1704 1270 per
1723 1239 1850 1262 mortem
1869 1228 1962 1259 ultimi
1977 1226 2172 1258 Incumbentis
2185 1226 2294 1259 ibidem
2309 1231 2370 1268 jam
2510 1227 2529 1248 Ὗ

1297 1279 1466 1310 vacantem,
1491 1274 1526 1303 &
1549 1272 1583 1301 ad
1599 1270 1726 1301 nostram
1749 1268 1985 1306 presentationem
2001 1266 2088 1303 pleno
2098 1267 2162 1304 jure
2177 1265 2371 1309 spec'tantem3

1299 1309 1338 1340 Et
1362 1309 1523 1350 diriguntur
1548 1310 1585 1340 he
1613 1309 1708 1340 Litere
1734 1306 1912 1338 Reverendo
1937 1306 1968 1336 iri
1993 1303 2113 1336 Christo
2141 1303 2219 1336 Patri
2235 1304 2374 1339 Domino

1299 1347 1432 1385 Godfrido
1450 1347 1655 1388 Gloucestri'enfi
1672 1346 1829 1384 Episcopo.

1336 1385 1426 1418 Teste
1445 1386 1532 1425 Rege
1550 1385 1623 1424 apud
1643 1383 1922 1425 Wstmonasterium,
1939 1381 2175 1421 decimo-quarto
2190 1381 2237 1414 die
2254 1387 2338 1416 Maii.

1339 1462 1508 1494 Willielmus
1522 1463 1644 1503 Grebby‚
1661 1461 1794 1492 Clericus
1807 1483 1818 1500 ,
1843 1461 1873 1491 in
1889 1458 2006 1491 Artibus
2020 1457 2177 1500 Magister,
2195 1460 2282 1493 habet
2299 1472 2372 1494 con-
2389 1465 2440 1492 No,
2457 1461 2504 1492 82:
2526 1484 2529 1492 .

1301 1501 1406 1532 similes
1431 1502 1537 1533 Literas
1562 1501 1693 1532 Patentes
1719 1501 1756 1530 de
1773 1499 1976 1538 presentatione
1992 1498 2027 1528 ad
2047 1498 2216 1529 Rectoiiam
2234 1499 2270 1530 de
2288 1505 2374 1532 Mar·
2502 1496 2511 1505 '

1300 1539 1366 1571 ham
1385 1540 1518 1572 Diocesis
1537 1539 1731 1580 Lincolni‘enfis
1745 1563 1755 1576 ,
1780 1540 1837 1577 jam
1856 1537 1997 1576 legittime
2022 1537 2056 1568 &
2074 1537 2110 1568 de
2124 1539 2186 1576 jure
2203 1548 2372 1581 vacantem,

1301 1581 1335 1611 &
1349 1579 1386 1610 ad.
1400 1580 1528 1610 nostram
1543 1579 1780 1617 presentationem
1795 1577 1852 1607 sive
1867 1585 1918 1614 per
1935 1575 2100 1613 pravitatem
2107 1576 2236 1607 Simonie
2250 1577 2307 1609 sive
2320 1590 2373 1617 pei-

1302 1618 1430 1656 Lapsum
1456 1619 1594 1655 tempor-is
1612 1618 1665 1648 hac
1685 1617 1752 1648 vice
1770 1614 1966 1654 spe&antem;
1992 1612 2032 1644 Et
2045 1613 2199 1654 diriguntur
2218 1615 2256 1647 he
2273 1616 2372 1650 Litere

1301 1655 1480 1725 Rfeverendo
1507 1658 1539 1686 in
1564 1655 1685 1687 Christo
1710 1654 1786 1686 Patri
1801 1653 1947 1684 Domino
1965 1650 2109 1692 Johanni,
2128 1653 2307 1695 Ducolnienfi
2330 1656 2371 1688 E-

1322 1706 1381 1726 ico
1401 1706 1430 1726 ο.

1300 1705 1319 1733 P
1342 1705 1433 1767 Tepste
1449 1734 1533 1775 Rege
1551 1733 1624 1773 apud
1644 1730 1905 1774 Westmonasterium
1915 1753 1926 1768 ,
1943 1728 2060 1761 decimo
2078 1739 2180 1770 quarto
2196 1733 2243 1767 die
2259 1739 2345 1769 Maii.

1339 1812 1458 1843 Thomas
1476 1812 1638 1850 Edwards,
1656 1810 1802 1847 Clericus,
1821 1809 1851 1839 in
1868 1807 1984 1839 Artibus
2002 1805 2157 1849 Magister,
2174 1810 2261 1843 habet
2274 1815 2369 1847 confi·
2381 1817 2431 1844 No.
2447 1815 2496 1846 ει)
2511 1818 2517 1821 ’

1302 1852 1384 1882 miles
1401 1853 1508 1883 Literas
1527 1852 1659 1883 Patentes
1674 1850 1709 1880 de
1728 1848 1936 1888 presentatione
1961 1845 2185 1890 ad‚Reetoriam
2201 1850 2239 1880 de
2256 1854 2370 1884 Laude.

1301 1890 1403 1929 valogg
1421 1891 1552 1922 Diocesis
1578 1890 1752 1927 Menevenfis
1766 1911 1776 1926 ,
1803 1888 1821 1906 ¹*
1837 1887 1900 1925 jam
1919 1886 2061 1928 legittime
2085 1886 2119 1917 &
2135 1887 2171 1918 de
2182 1889 2245 1927 jure
2262 1900 2370 1924 vacari·
2385 1900 2500 1930 *X1X1

1301 1937 1362 1961 tem
1379 1953 1390 1968 ,
1418 1931 1452 1961 &
1474 1930 1509 1960 ad
1537 1928 1665 1960 nostram
1684 1927 1920 1970 presentationem
1941 1925 2030 1968 pleno
2056 1935 2106 1955 ure
2123 1925 2140 1955 s
2171 1928 2314 1969 &anterm
2331 1931 2368 1962 Et
2388 1941 2441 1966 260
2490 1923 2500 1938 Ἴ

1301 1969 1460 2007 diriguntur
1477 1969 1514 1999 he
1531 1968 1628 1998 Litere
1654 1965 1830 1997 Reverendo
1849 1973 1879 1994 in
1898 1962 2020 1994 Christo
2063 1965 2113 1995 atri
2165 1967 2267 1998 omino
2284 1968 2370 2000 Thea-
2446 1962 2455 1977 ²

1295 2007 1391 2048 philo,
1410 2006 1573 2047 Menevenfi
1590 2005 1745 2044 Episcopo.

1335 2045 1425 2078 Teste
1444 2045 1529 2086 Rege
1545 2045 1622 2085 apud
1641 2041 1918 2084 1½st7n071asterium,
1936 2041 2075 2074 vicesimo
2089 2041 2136 2074 die
2154 2047 2238 2076 Μαὶὶ.
2258 2054 2271 2099 s

1338 2124 1499 2156 Edu-ardus
1514 2122 1625 2162 Keller,
1644 2121 1793 2159 Clerkus,
1810 2119 1895 2152 Sacre
1911 2117 2076 2164 Theologie
2090 2120 2239 2154 Professor
2254 2148 2265 2163 ,
2283 2123 2370 2159 habet
2383 2118 2440 2150 No.
2455 2118 2504 2157 80}

1300 2165 1464 2195 consimiles
1489 2164 1598 2194 Literas
1624 2161 1757 2193 Parentes
1779 2159 1815 2189 de
1838 2158 2040 2202 presentatione
2058 2158 2092 2190 ad
2112 2171 2197 2192 unam
2216 2163 2253 2194 de
2268 2165 2373 2201 viginti

1300 2212 1422 2241 quatuor
1449 2202 1605 2234 Prebendis
1634 2202 1664 2231 in
1690 2198 1815 2230 Ecclesia
1837 2196 1999 2228 Cathedrali
2025 2200 2122 2229 Sanffl
2146 2203 2226 2231 Petri
2243 2204 2371 2244 Exom‘e,

1300 2242 1435 2272 Diocesis
1451 2244 1576 2278 Exonie,
1596 2249 1645 2278 per
1663 2238 1882 2278 resignationem
1907 2235 2073 2267 Reverendi
2097 2238 2126 2267 in
2145 2239 2267 2271 Christo
2283 2243 2372 2275 Patris

1302 2280 1444 2310 Willielmi
1463 2279 1597 2318 Episcopi
1616 2276 1810 2317 Landavenfis
1828 2284 1918 2313 nuper
1933 2274 2112 2306 Prebendarii
2129 2277 2238 2310 ibidem
2253 2302 2264 2317 ,
2281 2283 2373 2314 virtu-

1303 2329 1330 2351 te
1346 2318 1494 2358 cujusdam
1513 2317 1705 2349 Commende
1724 2316 1775 2346 sibi
1795 2315 1898 2345 fastam
1915 2336 1925 2352 ,
1948 2321 2116 2353 vacantem,
2135 2317 2168 2347 &
2187 2318 2220 2348 ad
2240 2320 2369 2352 nostram

1299 2359 1537 2396 presentationem
1556 2358 1618 2395 jure
1644 2354 1829 2393 Prerogative
1854 2351 1976 2383 Corone
2000 2352 2096 2383 nostre
2122 2352 2152 2384 R

1299 2397 1491 2434 spectantem,
1511 2396 1549 2426 Et
1567 2395 1725 2432 diriguntur
1744 2394 1780 2422 he
1801 2391 1898 2422 Litere
1917 2389 2091 2422 Reverendo
2110 2393 2139 2423 in

1301 2435 1440 2466 Domino
1481 2445 1494 2463 o
1507 2433 1588 2473 epho,
1605 2435 1714 2462 Exoni'e
1732 2430 1886 2468 Episcopo.

1338 2472 1428 2504 Teste
1478 2482 1531 2512 ege
1547 2471 1621 2510 apud
1641 2468 1914 2510 lfri'e’stmonasteri'um,
1932 2468 2077 2500 tricesimo
2091 2469 2187 2507 primo
2200 2469 2246 2502 die
2264 2474 2349 2503 Maii.

1336 2550 1455 2589 Jacobus
1469 2548 1653 2588 Haddleston,
1671 2546 1819 2585 Clericus,
1838 2546 1869 2577 iri
1885 2545 2001 2577 Artibus
2022 2543 2177 2584 Magister,
2191 2546 2276 2579 habet
2291 2559 2365 2582 con-
2379 2555 2428 2580 No.
2445 2557 2493 2590 79->
2508 2549 2521 2562 ·.

1302 2590 1401 2620 similes
1415 2589 1522 2619 Literas
1536 2588 1668 2618 Patentes
1683 2587 1719 2616 de
1735 2584 1939 2624 presentatione
1953 2582 1988 2612 ad
2005 2581 2172 2614 Reetoriam
2188 2585 2226 2616 de
2238 2586 2369 2627 Bifihar-

1302 2628 1394 2666 thrope
1411 2652 1420 2665 ,
1447 2626 1578 2657 Diocesis
1596 2623 1792 2664 Lincolnienfis
1809 2645 1820 2661 ,
1846 2632 1894 2660 per
1915 2631 2039 2652 mortem
2057 2622 2149 2652 ultimi
2167 2621 2370 2659 Incumbentis

1302 2668 1409 2697 ibidem
1424 2666 1483 2703 jam
1502 2671 1654 2695 vacantem
1672 2685 1681 2700 ,
1699 2664 1733 2694 δε
1752 2662 1786 2692 ad
1803 2660 1929 2690 nostram
1951 2659 2182 2696 presentationem
2201 2662 2288 2700 pleno
2310 2666 2367 2697 'ure

1303 2705 1496 2742 spe&antem;
1514 2702 1552 2732 Et
1569 2702 1727 2739 diriguntur
1746 2701 1784 2730 he
1800 2699 1898 2729 Litere
1916 2697 2092 2728 Reverendo
2109 2699 2139 2728 in
2156 2700 2276 2733 Christo
2319 2706 2370 2736 atri

1304 2744 1440 2774 Domino
1451 2740 1602 2809 {ohanna
1621 2737 1802 2776 Lincolnienfi
1820 2735 1975 2779 Episcopo,

1342 2780 1432 2811 Teste
1482 2788 1533 2818 ege
1547 2778 1622 2817 apud
1639 2774 1915 2817 westmonasterium,
1932 2783 2028 2812 primo
2046 2774 2093 2805 die
2110 2775 2202 2813 Junii-

1341 2857 1457 2887 Thomas
1472 2854 1537 2886 Hill
1548 2879 1557 2893 ,
1582 2854 1731 2890 Clericus,
1750 2853 1779 2883 in
1798 2851 1912 2883 Artibus
1933 2850 2087 2891 Magister,
2106 2853 2194 2885 habet
2211 2856 2370 2890 consimiles
2384 2862 2433 2888 No.
2452 2848 2515 2896 78:³⁷³
2533 2849 2536 2890 s

1307 2897 1417 2927 Literas
1443 2896 1576 2926 Patentes
1602 2894 1639 2923 de
1664 2892 1870 2931 presentatione
1892 2891 1927 2920 ad
1954 2890 2094 2921 Vicariam
2122 2892 2158 2923 de
2181 2892 2370 2937 Alhbocking‚

1305 2935 1436 2966 Diocesis
1449 2932 1648 2972 Norwicenfis,
1663 2941 1713 2969 per
1727 2938 1854 2961 mortem
1868 2929 1962 2960 ultimi
1978 2929 2173 2961 Incumbentis
2186 2932 2295 2964 ibidem
2307 2936 2369 2972 jam

1305 2982 1476 3010 vacantem,
1493 2972 1525 3002 δε
1542 2972 1576 3002 ad
1593 2969 1721 3001 nostram
1740 2969 1976 3011 presentationem
1997 2968 2084 3004 pleno
2095 2969 2160 3007 jure
2178 2970 2372 3012 spectantem3

1307 3013 1345 3044 Et
1374 3013 1532 3049 diriguntur
1560 3011 1597 3040 he
1622 3009 1716 3039 Litere
1743 3006 1917 3038 Reverendo
1941 3015 1971 3036 in
1996 3005 2117 3038 Christo
2142 3007 2219 3040 Patri
2233 3009 2372 3044 Domino

1305 3050 1462 3090 Francisco,
1480 3047 1651 3088 Norwicenfi
1666 3046 1820 3084 Episcopo.

1341 3091 1432 3122 Teste
1450 3088 1533 3126 Rege
1551 3092 1625 3125 apud
1645 3084 1923 3124 Westmonasterium,
1942 3091 2046 3121 quarto
2061 3083 2108 3116 die
2121 3085 2212 3123 Junii.

2154 2357 2216 2424 egli?
2223 2356 2287 2400 ‚hac
2304 2360 2368 2404 vice

2207 2394 2274 2425 risto
2291 2396 2368 2428 Patri

2495 2992 2536 3011 ΝΗ

1342 3166 1483 3205 Johannes
1497 3162 1659 3201 Andersbn,
1679 3161 1809 3193 Clericus
1819 3186 1828 3199 ,
1847 3162 1876 3191 in
1891 3160 2007 3192 Artibus
2024 3161 2179 3202 Magister,
2197 3163 2281 3197 habet
2297 3145 2370 3199 con-
2379 3163 2430 3191 No.
2445 3169 2491 3197 77.

1308 3206 1408 3236 similes
1429 3205 1534 3234 Literas
1554 3202 1685 3232 Parentes
1700 3201 1735 3231 de
1752 3201 1956 3239 presentatione
1972 3200 2006 3230 ad
2021 3200 2190 3232 Rectoriam
2208 3203 2245 3234 de
2263 3207 2364 3237 Girton

1309 3243 1442 3274 Diocesis
1457 3240 1589 3279 Elienfis,
1605 3241 1667 3278 jam
1686 3239 1829 3277 legittime
1846 3240 1878 3270 δε
1900 3238 1935 3269 de
1950 3238 2015 3276 jure
2033 3249 2196 3273 vacantem,
2217 3243 2251 3274 &
2268 3245 2303 3275 ad
2316 3230 2374 3277 no-’

1309 3283 1394 3312 stram
1423 3280 1660 3318 presentationem
1686 3279 1794 3308 ratione
1812 3277 1930 3308 minoris
1946 3278 2025 3307 etatis
2043 3278 2182 3309 Edwardi
2197 3282 2299 3319 Hynde
2317 3285 2373 3314 Ar..

1309 3321 1410 3360 migeri
1429 3319 1543 3349 Patroni
1558 3318 1633 3348 dicTte
1652 3316 1778 3347 Ecclesie
1796 3315 1832 3346 de
1849 3315 1951 3345 'Girton
1965 3321 1981 3352 ,'
2000 3316 2057 3345 live
2084 3325 2132 3355 per
2157 3318 2281 3355 Lapsurn
2301 3329 2375 3353 tem-

1310 3361 1386 3398 poris
1411 3358 1464 3388 hac
1489 3358 1553 3387 vice
1572 3356 1769 3393 spectantem,
1798 3354 1835 3385 Et
1854 3354 2011 3392 diriguntur
2028 3354 2067 3384 he
2085 3355 2181 3387 Litere
2202 3357 2374 3390 Reverendo

1312 3401 1342 3430 in
1359 3396 1479 3428 Christo
1497 3395 1574 3426 Patri
1594 3394 1730 3424 Domino
1748 3393 1897 3431 Johanni,
1912 3391 2018 3432 Elienfi
2028 3392 2179 3432 Episcopo.

1349 3435 1439 3468 Teste
1454 3434 1535 3472 Rege
1553 3433 1626 3470 apud
1645 3431 1916 3471 westmonasterium,
1934 3430 2109 3462 duodecimo
2123 3434 2170 3464 die
2181 3433 2274 3472 Junii-

2530 3155 2536 3206 i

1357 3510 1500 3544 Matthias
1512 3507 1617 3547 Styles,
1635 3507 1781 3547 Clericus,
1799 3507 1884 3538 Sacre
1892 3507 2056 3546 Theologie
2068 3509 2272 3547 Baccalaurius,
2289 3507 2376 3540 habet
2384 3515 2433 3542 No.
2448 3513 2494 3548 76.
2516 3507 2536 3544 ³².-

1320 3551 1480 3584 consimiles
1503 3547 1606 3578 Literas
1630 3547 1756 3578 Parentes
1777 3547 1814 3576 de
1830 3546 2034 3583 presentatione
2046 3548 2081 3578 ad
2099 3547 2263 3581 Resioriam
2278 3549 2376 3578 Saneii
2534 3556 2536 3561 ·

1321 3593 1429 3626 Georgii
1445 3589 1474 3618 in
1491 3585 1672 3625 Eastcheapffi
1692 3586 1822 3616 Dioceiis
1845 3585 1962 3614 London
1976 3607 1985 3622 ‚
2011 3596 2059 3624 per
2083 3588 2206 3616 mortem
2222 3583 2312 3613 ultimi
2328 3585 2377 3616 In-

1323 3627 1483 3660 cumbenr'is
1502 3624 1609 3654 ibidem
1633 3625 1692 3661 jam
1716 3632 1866 3654 vacantem
1882 3646 1891 3661 ,
1911 3624 1944 3655 &
1960 3624 1994 3653 ad
2007 3623 2131 3653 nostram
2145 3621 2378 3660 presentationem

1322 3669 1408 3707 pleno
1432 3666 1492 3702 jure
1510 3663 1706 3700 spectantem,
1731 3662 1769 3691 Et
1793 3662 1953 3699 diriguntur
1973 3662 2008 3692 he
2030 3662 2127 3691 Litere
2150 3660 2327 3691 Reverendo
2348 3664 2379 3693 in

1324 3703 1443 3737 Christo
1458 3702 1534 3731 Patri
1549 3699 1683 3730 Domino
1702 3699 1861 3738 willielmo,
1879 3700 1994 3730 London
2009 3699 2156 3736 Eprieopo.

1363 3741 1450 3774 Teste
1471 3739 1554 3778 Rege
1571 3739 1644 3779 apud
1663 3738 1938 3778 Wstmowstermw,
1957 3735 2185 3775 quinto-decimo
2198 3734 2244 3766 die
2258 3736 2354 3775 Junii.

1367 3816 1488 3858 Jacobur
1500 3816 1634 3854 Rmusbn,
1655 3814 1802 3852 Clericus,
1820 3815 1849 3844 in
1865 3813 1989 3844 ‘Artibus
2012 3809 2167 3848 Magister,
2192 3812 2275 3844 habet
2287 3817 2439 3852 eorm-,Nm⁴
2458 3823 2506 3857 75¹<
2530 3806 2536 3848 ζ

1331 3860 1410 3889 miles
1426 3856 1531 3885 Literas
1543 3855 1674 3885 Patentes
1692 3854 1728 3884 de
1742 3853 1943 3894 presentatione
1964 3848 1998 3878 ad
2013 3842 2181 3891 ReRoriam
2197 3851 2252 3881 sive
2265 3853 2384 3886 liberam
2531 3862 2534 3867 ·

1333 3895 1479 3933 Capellam
1500 3893 1536 3922 de
1556 3891 1727 3930 VVitlrerston
1742 3915 1752 3929 ,
1778 3892 1910 3922 Diocesis
1927 3885 2060 3930 Brisboll,
2076 3897 2133 3924 Jam
2147 3888 2284 3925 legittime
2301 3894 2334 3923 &
2350 3894 2387 3924 de

1328 3937 1393 3974 jure
1406 3941 1570 3968 vacantem,
1589 3932 1621 3962 ὃ(
1633 3933 1668 3961 ad
1683 3930 1808 3960 nostram
1822 3927 2052 3965 presentationem
2069 3935 2118 3961 per
2136 3925 2258 3963 Lapsum
2276 3939 2390 3970 tempo..

1333 3976 1367 4005 ris
1385 3973 1440 4002 hac
1465 3971 1531 3999 vice
1546 3970 1717 4006 spectantem
1733 3980 1743 4005 3
1766 3966 1804 3996 Et
1828 3965 1985 4007 diriguntur
1998 3961 2034 3992 he
2057 3962 2152 3995 Litere
2172 3964 2347 4000 Reverendo
2361 3971 2391 4001 in

1335 4009 1455 4044 Christo
1470 4007 1546 4038 Patri
1561 4008 1692 4044 Roberto‚
1707 4001 1821 4042 Bristoll
1835 4003 1986 4039 Episcopo.
2012 4040 2016 4044 ²

1374 4048 1465 4081 Teste
1485 4046 1565 4086 Rege
1582 4045 1655 4085 apud
1673 4039 1939 4081 Welimonalierium,
1955 4048 2068 4071 decimo
2084 4050 2166 4072 nono
2179 4042 2227 4074 die
2240 4043 2337 4083 Junii.

2340 4081 2396 4122 J„
