<?xml version="1.0" encoding="UTF-8"?>
<!DOCTYPE html PUBLIC "-//W3C//DTD XHTML 1.0 Transitional//EN"
    "http://www.w3.org/TR/xhtml1/DTD/xhtml1-transitional.dtd">
<html xmlns="http://www.w3.org/1999/xhtml" xml:lang="en" lang="en">
 <head>
  <title>
</title>
<meta http-equiv="Content-Type" content="text/html;charset=utf-8" />
  <meta name='ocr-system' content='tesseract 3.04.00' />
  <meta name='ocr-capabilities' content='ocr_page ocr_carea ocr_par ocr_line ocrx_word'/>
</head>
<body>
  <div class='ocr_page' id='page_1' title='image "./fderaconventione08ryme_0284.png"; bbox 0 0 2536 4255; ppageno 0'>
   <div class='ocr_carea' id='block_1_1' title="bbox 227 37 1297 101">
    <p class='ocr_par' dir='ltr' id='par_1_1' title="bbox 227 37 1297 101">
     <span class='ocr_line' id='line_1_1' title="bbox 227 37 1297 101; baseline -0.007 -15"><span class='ocrx_word' id='word_1_1' title='bbox 227 58 278 101; x_wconf 53' lang='grc' dir='ltr'><em>φ</em></span> <span class='ocrx_word' id='word_1_2' title='bbox 640 37 1297 81; x_wconf 77' lang='lat' dir='ltr'>coNVENTloN</span> 
     </span>
    </p>
   </div>
   <div class='ocr_carea' id='block_1_2' title="bbox 74 123 1294 582">
    <p class='ocr_par' dir='ltr' id='par_1_2' title="bbox 74 123 1294 167">
     <span class='ocr_line' id='line_1_2' title="bbox 74 123 1294 167; baseline -0.002 -5"><span class='ocrx_word' id='word_1_3' title='bbox 74 129 152 162; x_wconf 80' lang='lat' dir='ltr'>Arin.</span> <span class='ocrx_word' id='word_1_4' title='bbox 166 128 208 160; x_wconf 89' lang='lat' dir='ltr'>D.</span> <span class='ocrx_word' id='word_1_5' title='bbox 227 129 402 162; x_wconf 85' lang='lat' dir='ltr'>Reverendo</span> <span class='ocrx_word' id='word_1_6' title='bbox 421 129 452 159; x_wconf 89' lang='lat' dir='ltr'>in</span> <span class='ocrx_word' id='word_1_7' title='bbox 473 125 592 158; x_wconf 87' lang='lat' dir='ltr'>Christo</span> <span class='ocrx_word' id='word_1_8' title='bbox 616 123 693 156; x_wconf 86' lang='lat' dir='ltr'>Patri</span> <span class='ocrx_word' id='word_1_9' title='bbox 715 124 850 157; x_wconf 87' lang='lat' dir='ltr'>Domino</span> <span class='ocrx_word' id='word_1_10' title='bbox 873 124 1016 166; x_wconf 78' lang='lat' dir='ltr'>Theophila</span> <span class='ocrx_word' id='word_1_11' title='bbox 1036 127 1209 163; x_wconf 76' lang='lat' dir='ltr'>Landaven&#39;</span> <span class='ocrx_word' id='word_1_12' title='bbox 1224 127 1294 167; x_wconf 91' lang='lat' dir='ltr'>Epi·</span> 
     </span>
    </p>

    <p class='ocr_par' dir='ltr' id='par_1_3' title="bbox 76 169 1001 244">
     <span class='ocr_line' id='line_1_3' title="bbox 76 169 1001 244; baseline -0.001 -8"><span class='ocrx_word' id='word_1_13' title='bbox 76 170 185 244; x_wconf 48' lang='lat' dir='ltr'>Ataoeiis.</span> <span class='ocrx_word' id='word_1_14' title='bbox 227 169 357 239; x_wconf 56' lang='lat' dir='ltr'>sco&#39;f&#39;gste</span> <span class='ocrx_word' id='word_1_15' title='bbox 377 205 458 243; x_wconf 85' lang='lat' dir='ltr'>Rege</span> <span class='ocrx_word' id='word_1_16' title='bbox 475 203 547 242; x_wconf 89' lang='lat' dir='ltr'>apud</span> <span class='ocrx_word' id='word_1_17' title='bbox 564 202 682 243; x_wconf 81' lang='lat' dir='ltr'>valey,</span> <span class='ocrx_word' id='word_1_18' title='bbox 698 213 779 235; x_wconf 90' lang='lat' dir='ltr'>iiono</span> <span class='ocrx_word' id='word_1_19' title='bbox 793 202 854 234; x_wconf 93' lang='lat' dir='ltr'>Die</span> <span class='ocrx_word' id='word_1_20' title='bbox 868 203 1001 235; x_wconf 70' lang='lat' dir='ltr'>oft&#39;ohris.</span> 
     </span>
    </p>

    <p class='ocr_par' dir='ltr' id='par_1_4' title="bbox 78 251 1291 512">
     <span class='ocr_line' id='line_1_4' title="bbox 78 251 1291 323; baseline -0.003 -8"><span class='ocrx_word' id='word_1_21' title='bbox 78 251 142 276; x_wconf 66' lang='lat' dir='ltr'>Car.</span> <span class='ocrx_word' id='word_1_22' title='bbox 166 255 189 274; x_wconf 43' lang='grc' dir='ltr'>Ι·</span> <span class='ocrx_word' id='word_1_23' title='bbox 260 284 440 323; x_wconf 69' lang='lat' dir='ltr'>JonANNizs</span> <span class='ocrx_word' id='word_1_24' title='bbox 459 280 681 311; x_wconf 58' lang='lat' dir='ltr'>NNATERMAN</span> <span class='ocrx_word' id='word_1_25' title='bbox 698 304 708 319; x_wconf 87' lang='lat'>,</span> <span class='ocrx_word' id='word_1_26' title='bbox 731 280 860 312; x_wconf 85' lang='lat' dir='ltr'><strong>Clericus</strong></span> <span class='ocrx_word' id='word_1_27' title='bbox 874 304 884 319; x_wconf 88' lang='lat'>,</span> <span class='ocrx_word' id='word_1_28' title='bbox 907 282 936 312; x_wconf 91' lang='lat' dir='ltr'>iri</span> <span class='ocrx_word' id='word_1_29' title='bbox 957 281 1074 312; x_wconf 80' lang='lat' dir='ltr'>Artibus</span> <span class='ocrx_word' id='word_1_30' title='bbox 1096 281 1291 312; x_wconf 83' lang='lat' dir='ltr'>Bachalaurius</span> 
     </span>
     <span class='ocr_line' id='line_1_5' title="bbox 228 319 1290 354; baseline -0.005 0"><span class='ocrx_word' id='word_1_31' title='bbox 228 324 315 354; x_wconf 87' lang='lat' dir='ltr'>habet</span> <span class='ocrx_word' id='word_1_32' title='bbox 337 319 497 351; x_wconf 87' lang='lat' dir='ltr'>consimiles</span> <span class='ocrx_word' id='word_1_33' title='bbox 518 319 623 349; x_wconf 79' lang='lat' dir='ltr'>Literas</span> <span class='ocrx_word' id='word_1_34' title='bbox 647 320 776 351; x_wconf 87' lang='lat' dir='ltr'>patentes</span> <span class='ocrx_word' id='word_1_35' title='bbox 792 320 828 350; x_wconf 90' lang='lat' dir='ltr'>de</span> <span class='ocrx_word' id='word_1_36' title='bbox 844 320 1051 352; x_wconf 85' lang='lat' dir='ltr'>presentatione</span> <span class='ocrx_word' id='word_1_37' title='bbox 1067 321 1103 351; x_wconf 90' lang='lat' dir='ltr'>ad</span> <span class='ocrx_word' id='word_1_38' title='bbox 1119 319 1290 351; x_wconf 67' lang='lat' dir='ltr'>Re&amp;oriam</span> 
     </span>
     <span class='ocr_line' id='line_1_6' title="bbox 228 357 1291 399; baseline -0.005 -7"><span class='ocrx_word' id='word_1_39' title='bbox 228 363 265 392; x_wconf 90' lang='lat' dir='ltr'>de</span> <span class='ocrx_word' id='word_1_40' title='bbox 278 357 422 399; x_wconf 70' lang='lat' dir='ltr'>Sopworth</span> <span class='ocrx_word' id='word_1_41' title='bbox 444 357 562 388; x_wconf 85' lang='lat' dir='ltr'>Dioces&#39;</span> <span class='ocrx_word' id='word_1_42' title='bbox 576 361 674 387; x_wconf 79' lang='lat' dir='ltr'>Sarum</span> <span class='ocrx_word' id='word_1_43' title='bbox 689 368 736 397; x_wconf 87' lang='lat' dir='ltr'>per</span> <span class='ocrx_word' id='word_1_44' title='bbox 754 357 992 395; x_wconf 73' lang='lat' dir='ltr'>Relignationem</span> <span class='ocrx_word' id='word_1_45' title='bbox 1007 359 1098 388; x_wconf 75' lang='lat' dir='ltr'>ultimi</span> <span class='ocrx_word' id='word_1_46' title='bbox 1114 358 1291 389; x_wconf 91' lang='lat' dir='ltr'>Incumben-</span> 
     </span>
     <span class='ocr_line' id='line_1_7' title="bbox 227 397 1290 434; baseline -0.003 -5"><span class='ocrx_word' id='word_1_47' title='bbox 227 401 262 430; x_wconf 88' lang='lat' dir='ltr'>tis</span> <span class='ocrx_word' id='word_1_48' title='bbox 281 398 389 428; x_wconf 82' lang='lat' dir='ltr'>ibidem</span> <span class='ocrx_word' id='word_1_49' title='bbox 412 398 467 434; x_wconf 80' lang='lat' dir='ltr'>jam</span> <span class='ocrx_word' id='word_1_50' title='bbox 489 406 655 434; x_wconf 89' lang='lat' dir='ltr'>vacantem,</span> <span class='ocrx_word' id='word_1_51' title='bbox 676 399 708 429; x_wconf 89' lang='lat'>&amp;</span> <span class='ocrx_word' id='word_1_52' title='bbox 730 398 763 427; x_wconf 91' lang='lat' dir='ltr'>ad</span> <span class='ocrx_word' id='word_1_53' title='bbox 786 397 913 427; x_wconf 90' lang='lat' dir='ltr'>nostram</span> <span class='ocrx_word' id='word_1_54' title='bbox 935 397 1178 427; x_wconf 83' lang='lat' dir='ltr'>Prel&#39;entationem</span> <span class='ocrx_word' id='word_1_55' title='bbox 1204 397 1290 434; x_wconf 89' lang='lat' dir='ltr'>pleno</span> 
     </span>
     <span class='ocr_line' id='line_1_8' title="bbox 223 433 1290 475; baseline -0.003 -8"><span class='ocrx_word' id='word_1_56' title='bbox 223 437 287 475; x_wconf 89' lang='lat' dir='ltr'>jure</span> <span class='ocrx_word' id='word_1_57' title='bbox 308 436 493 473; x_wconf 67' lang='lat' dir='ltr'>spectantem.</span> <span class='ocrx_word' id='word_1_58' title='bbox 531 434 568 464; x_wconf 87' lang='lat' dir='ltr'>Et</span> <span class='ocrx_word' id='word_1_59' title='bbox 589 436 746 474; x_wconf 85' lang='lat' dir='ltr'>diriguntur</span> <span class='ocrx_word' id='word_1_60' title='bbox 769 435 805 466; x_wconf 86' lang='lat' dir='ltr'>he</span> <span class='ocrx_word' id='word_1_61' title='bbox 828 436 923 467; x_wconf 87' lang='lat' dir='ltr'>Litere</span> <span class='ocrx_word' id='word_1_62' title='bbox 938 435 1111 466; x_wconf 86' lang='lat' dir='ltr'>Reverendo</span> <span class='ocrx_word' id='word_1_63' title='bbox 1126 437 1156 465; x_wconf 89' lang='lat' dir='ltr'>in</span> <span class='ocrx_word' id='word_1_64' title='bbox 1172 433 1290 465; x_wconf 87' lang='lat' dir='ltr'>Christo</span> 
     </span>
     <span class='ocr_line' id='line_1_9' title="bbox 228 472 880 512; baseline -0.005 -6"><span class='ocrx_word' id='word_1_65' title='bbox 228 475 305 506; x_wconf 87' lang='lat' dir='ltr'>Patri</span> <span class='ocrx_word' id='word_1_66' title='bbox 322 474 457 505; x_wconf 89' lang='lat' dir='ltr'>Domino</span> <span class='ocrx_word' id='word_1_67' title='bbox 470 472 601 512; x_wconf 85' lang='lat' dir='ltr'>Johanni</span> <span class='ocrx_word' id='word_1_68' title='bbox 613 477 710 504; x_wconf 84' lang='lat' dir='ltr'>Sarum</span> <span class='ocrx_word' id='word_1_69' title='bbox 726 474 880 512; x_wconf 84' lang='lat' dir='ltr'>Episcopo.</span> 
     </span>
    </p>

    <p class='ocr_par' dir='ltr' id='par_1_5' title="bbox 223 510 1290 582">
     <span class='ocr_line' id='line_1_10' title="bbox 223 510 1290 582; baseline -0.001 -39"><span class='ocrx_word' id='word_1_70' title='bbox 223 512 354 582; x_wconf 42' lang='lat' dir='ltr'>&amp;og-{ste</span> <span class='ocrx_word' id='word_1_71' title='bbox 376 513 458 553; x_wconf 88' lang='lat' dir='ltr'>Rege</span> <span class='ocrx_word' id='word_1_72' title='bbox 480 512 552 552; x_wconf 87' lang='lat' dir='ltr'>apud</span> <span class='ocrx_word' id='word_1_73' title='bbox 573 512 730 545; x_wconf 83' lang='lat' dir='ltr'>Civitatem</span> <span class='ocrx_word' id='word_1_74' title='bbox 746 514 831 543; x_wconf 83' lang='lat' dir='ltr'>Nove</span> <span class='ocrx_word' id='word_1_75' title='bbox 846 516 962 550; x_wconf 87' lang='lat' dir='ltr'>Sarum,</span> <span class='ocrx_word' id='word_1_76' title='bbox 987 512 1162 543; x_wconf 88' lang='lat' dir='ltr'>duodecimo</span> <span class='ocrx_word' id='word_1_77' title='bbox 1177 510 1237 542; x_wconf 90' lang='lat' dir='ltr'>Die</span> <span class='ocrx_word' id='word_1_78' title='bbox 1249 514 1290 542; x_wconf 91' lang='lat'>0-</span> 
     </span>
    </p>
   </div>
   <div class='ocr_carea' id='block_1_3' title="bbox 225 625 1290 968">
    <p class='ocr_par' dir='ltr' id='par_1_6' title="bbox 227 625 1290 820">
     <span class='ocr_line' id='line_1_11' title="bbox 265 625 1287 667; baseline -0.001 -8"><span class='ocrx_word' id='word_1_79' title='bbox 265 628 456 660; x_wconf 64' lang='lat' dir='ltr'>Romzrtrtts</span> <span class='ocrx_word' id='word_1_80' title='bbox 476 627 649 665; x_wconf 75' lang='lat' dir='ltr'>IOHNsoN,</span> <span class='ocrx_word' id='word_1_81' title='bbox 669 628 819 666; x_wconf 83' lang='lat' dir='ltr'>Clericus,</span> <span class='ocrx_word' id='word_1_82' title='bbox 839 627 924 658; x_wconf 87' lang='lat' dir='ltr'>Sacre</span> <span class='ocrx_word' id='word_1_83' title='bbox 947 628 1114 667; x_wconf 86' lang='lat' dir='ltr'>Theologie</span> <span class='ocrx_word' id='word_1_84' title='bbox 1135 625 1287 658; x_wconf 84' lang='lat' dir='ltr'>Bachalau-</span> 
     </span>
     <span class='ocr_line' id='line_1_12' title="bbox 227 665 1289 698; baseline -0.002 -1"><span class='ocrx_word' id='word_1_85' title='bbox 227 668 283 698; x_wconf 89' lang='lat' dir='ltr'>rius</span> <span class='ocrx_word' id='word_1_86' title='bbox 298 668 387 698; x_wconf 88' lang='lat' dir='ltr'>habet</span> <span class='ocrx_word' id='word_1_87' title='bbox 409 668 569 698; x_wconf 73' lang='lat' dir='ltr'>consimiles</span> <span class='ocrx_word' id='word_1_88' title='bbox 594 667 696 697; x_wconf 80' lang='lat' dir='ltr'>Literas</span> <span class='ocrx_word' id='word_1_89' title='bbox 712 668 841 697; x_wconf 77' lang='lat' dir='ltr'>patentes</span> <span class='ocrx_word' id='word_1_90' title='bbox 854 666 889 695; x_wconf 86' lang='lat' dir='ltr'>de</span> <span class='ocrx_word' id='word_1_91' title='bbox 907 666 1114 696; x_wconf 78' lang='lat' dir='ltr'>Prelentatione</span> <span class='ocrx_word' id='word_1_92' title='bbox 1127 667 1160 696; x_wconf 90' lang='lat' dir='ltr'>ad</span> <span class='ocrx_word' id='word_1_93' title='bbox 1178 665 1289 695; x_wconf 68' lang='lat' dir='ltr'>Resto-</span> 
     </span>
     <span class='ocr_line' id='line_1_13' title="bbox 227 703 1290 742; baseline -0.003 -7"><span class='ocrx_word' id='word_1_94' title='bbox 227 707 299 737; x_wconf 89' lang='lat' dir='ltr'>riam</span> <span class='ocrx_word' id='word_1_95' title='bbox 320 708 415 736; x_wconf 71' lang='lat' dir='ltr'>Sanc&#39;li</span> <span class='ocrx_word' id='word_1_96' title='bbox 440 706 554 736; x_wconf 82' lang='lat' dir='ltr'>Andree</span> <span class='ocrx_word' id='word_1_97' title='bbox 570 715 641 736; x_wconf 92' lang='lat' dir='ltr'>cum</span> <span class='ocrx_word' id='word_1_98' title='bbox 658 706 781 736; x_wconf 84' lang='lat' dir='ltr'>Eccleiia</span> <span class='ocrx_word' id='word_1_99' title='bbox 797 705 892 735; x_wconf 57' lang='lat' dir='ltr'>San&amp;</span> <span class='ocrx_word' id='word_1_100' title='bbox 910 703 999 734; x_wconf 77' lang='lat' dir='ltr'>olavi</span> <span class='ocrx_word' id='word_1_101' title='bbox 1014 704 1132 735; x_wconf 86' lang='lat' dir='ltr'>Civitat&#39;</span> <span class='ocrx_word' id='word_1_102' title='bbox 1151 703 1290 742; x_wconf 80' lang='lat' dir='ltr'>cicestren&#39;</span> 
     </span>
     <span class='ocr_line' id='line_1_14' title="bbox 229 744 1288 784; baseline -0.003 -10"><span class='ocrx_word' id='word_1_103' title='bbox 229 744 352 775; x_wconf 81' lang='lat' dir='ltr'>Dioces&#39;</span> <span class='ocrx_word' id='word_1_104' title='bbox 374 744 513 784; x_wconf 78' lang='lat' dir='ltr'>Cicestren‘</span> <span class='ocrx_word' id='word_1_105' title='bbox 529 746 589 782; x_wconf 84' lang='lat' dir='ltr'>jam</span> <span class='ocrx_word' id='word_1_106' title='bbox 613 745 742 780; x_wconf 69' lang='lat' dir='ltr'>legitime</span> <span class='ocrx_word' id='word_1_107' title='bbox 766 745 797 774; x_wconf 73' lang='grc' dir='ltr'>δε</span> <span class='ocrx_word' id='word_1_108' title='bbox 819 744 853 772; x_wconf 89' lang='lat' dir='ltr'>de</span> <span class='ocrx_word' id='word_1_109' title='bbox 876 744 933 779; x_wconf 85' lang='lat' dir='ltr'>jure</span> <span class='ocrx_word' id='word_1_110' title='bbox 950 752 1120 781; x_wconf 85' lang='lat' dir='ltr'>vacantem,</span> <span class='ocrx_word' id='word_1_111' title='bbox 1137 744 1170 774; x_wconf 69' lang='grc' dir='ltr'>ὃς</span> <span class='ocrx_word' id='word_1_112' title='bbox 1185 745 1218 772; x_wconf 85' lang='lat' dir='ltr'>ad</span> <span class='ocrx_word' id='word_1_113' title='bbox 1234 752 1288 772; x_wconf 90' lang='lat' dir='ltr'>no·</span> 
     </span>
     <span class='ocr_line' id='line_1_15' title="bbox 228 782 1286 820; baseline -0.004 -6"><span class='ocrx_word' id='word_1_114' title='bbox 228 784 312 814; x_wconf 84' lang='lat' dir='ltr'>stram</span> <span class='ocrx_word' id='word_1_115' title='bbox 328 783 568 814; x_wconf 70' lang='lat' dir='ltr'>presentationem</span> <span class='ocrx_word' id='word_1_116' title='bbox 585 793 633 820; x_wconf 87' lang='lat' dir='ltr'>per</span> <span class='ocrx_word' id='word_1_117' title='bbox 647 784 751 818; x_wconf 76' lang='lat' dir='ltr'>lapsum</span> <span class='ocrx_word' id='word_1_118' title='bbox 767 783 902 817; x_wconf 82' lang='lat' dir='ltr'>temporis</span> <span class='ocrx_word' id='word_1_119' title='bbox 918 782 962 811; x_wconf 93' lang='lat' dir='ltr'>vel</span> <span class='ocrx_word' id='word_1_120' title='bbox 975 782 1069 820; x_wconf 89' lang='lat' dir='ltr'>aliquo</span> <span class='ocrx_word' id='word_1_121' title='bbox 1086 782 1141 812; x_wconf 86' lang='lat' dir='ltr'>alio</span> <span class='ocrx_word' id='word_1_122' title='bbox 1154 790 1286 820; x_wconf 86' lang='lat' dir='ltr'>quocun-</span> 
     </span>
    </p>

    <p class='ocr_par' dir='ltr' id='par_1_7' title="bbox 225 820 1288 896">
     <span class='ocr_line' id='line_1_16' title="bbox 246 820 1288 858; baseline -0.005 -5"><span class='ocrx_word' id='word_1_123' title='bbox 246 833 283 853; x_wconf 89' lang='lat' dir='ltr'>ue</span> <span class='ocrx_word' id='word_1_124' title='bbox 298 823 389 852; x_wconf 87' lang='lat' dir='ltr'>modo</span> <span class='ocrx_word' id='word_1_125' title='bbox 404 823 456 852; x_wconf 86' lang='lat' dir='ltr'>hac</span> <span class='ocrx_word' id='word_1_126' title='bbox 473 823 536 852; x_wconf 88' lang='lat' dir='ltr'>vice</span> <span class='ocrx_word' id='word_1_127' title='bbox 549 822 566 852; x_wconf 89' lang='lat' dir='ltr'>s</span> <span class='ocrx_word' id='word_1_128' title='bbox 579 822 732 851; x_wconf 69' lang='lat' dir='ltr'>eetantem.</span> <span class='ocrx_word' id='word_1_129' title='bbox 758 820 796 850; x_wconf 88' lang='lat' dir='ltr'>Et</span> <span class='ocrx_word' id='word_1_130' title='bbox 811 820 969 858; x_wconf 84' lang='lat' dir='ltr'>diriguntur</span> <span class='ocrx_word' id='word_1_131' title='bbox 982 821 1018 850; x_wconf 91' lang='lat' dir='ltr'>he</span> <span class='ocrx_word' id='word_1_132' title='bbox 1032 820 1125 850; x_wconf 89' lang='lat' dir='ltr'>Litere</span> <span class='ocrx_word' id='word_1_133' title='bbox 1142 820 1288 851; x_wconf 88' lang='lat' dir='ltr'>Reveren-</span> 
     </span>
     <span class='ocr_line' id='line_1_17' title="bbox 225 831 1136 896; baseline -0.003 -5"><span class='ocrx_word' id='word_1_134' title='bbox 225 832 266 892; x_wconf 61' lang='lat' dir='ltr'>do</span> <span class='ocrx_word' id='word_1_135' title='bbox 284 863 313 890; x_wconf 89' lang='lat' dir='ltr'>in</span> <span class='ocrx_word' id='word_1_136' title='bbox 327 860 449 891; x_wconf 58' lang='lat' dir='ltr'>Christo</span> <span class='ocrx_word' id='word_1_137' title='bbox 468 860 539 890; x_wconf 82' lang='lat' dir='ltr'>Patri</span> <span class='ocrx_word' id='word_1_138' title='bbox 554 831 689 890; x_wconf 62' lang='lat' dir='ltr'>ssomino</span> <span class='ocrx_word' id='word_1_139' title='bbox 702 862 813 895; x_wconf 68' lang='lat' dir='ltr'>Georgia</span> <span class='ocrx_word' id='word_1_140' title='bbox 828 857 967 896; x_wconf 68' lang='lat' dir='ltr'>cicestren&#39;</span> <span class='ocrx_word' id='word_1_141' title='bbox 982 858 1136 896; x_wconf 85' lang='lat' dir='ltr'>Episcopo.</span> 
     </span>
    </p>

    <p class='ocr_par' dir='ltr' id='par_1_8' title="bbox 225 895 1288 968">
     <span class='ocr_line' id='line_1_18' title="bbox 253 895 1288 968; baseline -0.003 -39"><span class='ocrx_word' id='word_1_142' title='bbox 253 899 354 968; x_wconf 47' lang='lat' dir='ltr'>{iste</span> <span class='ocrx_word' id='word_1_143' title='bbox 374 898 458 939; x_wconf 85' lang='lat' dir='ltr'><strong>Rege</strong></span> <span class='ocrx_word' id='word_1_144' title='bbox 481 899 555 937; x_wconf 88' lang='lat' dir='ltr'>apud</span> <span class='ocrx_word' id='word_1_145' title='bbox 578 897 734 929; x_wconf 78' lang='lat' dir='ltr'>Civitatem</span> <span class='ocrx_word' id='word_1_146' title='bbox 750 899 834 927; x_wconf 84' lang='lat' dir='ltr'>Nove</span> <span class='ocrx_word' id='word_1_147' title='bbox 850 900 947 927; x_wconf 86' lang='lat' dir='ltr'>Sarum</span> <span class='ocrx_word' id='word_1_148' title='bbox 959 919 969 935; x_wconf 89' lang='lat'>,</span> <span class='ocrx_word' id='word_1_149' title='bbox 984 897 1099 928; x_wconf 91' lang='lat' dir='ltr'>decimo</span> <span class='ocrx_word' id='word_1_150' title='bbox 1115 897 1217 935; x_wconf 88' lang='lat' dir='ltr'>quinto</span> <span class='ocrx_word' id='word_1_151' title='bbox 1228 895 1288 926; x_wconf 88' lang='lat' dir='ltr'>Die</span> 
     </span>
     <span class='ocr_line' id='line_1_19' title="bbox 225 940 361 968; baseline 0 0"><span class='ocrx_word' id='word_1_152' title='bbox 225 940 251 968; x_wconf 93' lang='grc' dir='ltr'><strong>Ο</strong></span> <span class='ocrx_word' id='word_1_153' title='bbox 282 949 294 968; x_wconf 84' lang='lat' dir='ltr'><em>o</em></span> <span class='ocrx_word' id='word_1_154' title='bbox 314 941 361 968; x_wconf 80' lang='lat' dir='ltr'>ris.</span> 
     </span>
    </p>
   </div>
   <div class='ocr_carea' id='block_1_4' title="bbox 223 1010 1288 1316">
    <p class='ocr_par' dir='ltr' id='par_1_9' title="bbox 223 1010 1288 1244">
     <span class='ocr_line' id='line_1_20' title="bbox 263 1010 1288 1051; baseline -0.006 -4"><span class='ocrx_word' id='word_1_155' title='bbox 263 1015 409 1047; x_wconf 79' lang='lat' dir='ltr'>THOMAS</span> <span class='ocrx_word' id='word_1_156' title='bbox 428 1015 592 1051; x_wconf 55' lang='lat' dir='ltr'>Witsoit,</span> <span class='ocrx_word' id='word_1_157' title='bbox 610 1014 695 1045; x_wconf 84' lang='lat' dir='ltr'>Sacre</span> <span class='ocrx_word' id='word_1_158' title='bbox 706 1012 876 1050; x_wconf 85' lang='lat' dir='ltr'>Theologie</span> <span class='ocrx_word' id='word_1_159' title='bbox 890 1010 1038 1042; x_wconf 69' lang='lat' dir='ltr'>Professor</span> <span class='ocrx_word' id='word_1_160' title='bbox 1053 1011 1139 1042; x_wconf 88' lang='lat' dir='ltr'>habet</span> <span class='ocrx_word' id='word_1_161' title='bbox 1153 1011 1288 1042; x_wconf 81' lang='lat' dir='ltr'>conlimi-</span> 
     </span>
     <span class='ocr_line' id='line_1_21' title="bbox 225 1049 1288 1087; baseline -0.007 -1"><span class='ocrx_word' id='word_1_162' title='bbox 225 1055 266 1087; x_wconf 85' lang='lat' dir='ltr'>les</span> <span class='ocrx_word' id='word_1_163' title='bbox 287 1055 395 1086; x_wconf 87' lang='lat' dir='ltr'>Literas</span> <span class='ocrx_word' id='word_1_164' title='bbox 415 1054 543 1084; x_wconf 83' lang='lat' dir='ltr'>Parentes</span> <span class='ocrx_word' id='word_1_165' title='bbox 569 1054 604 1084; x_wconf 90' lang='lat' dir='ltr'>de</span> <span class='ocrx_word' id='word_1_166' title='bbox 629 1053 836 1083; x_wconf 84' lang='lat' dir='ltr'>Presentatione</span> <span class='ocrx_word' id='word_1_167' title='bbox 855 1050 891 1080; x_wconf 90' lang='lat' dir='ltr'>ad</span> <span class='ocrx_word' id='word_1_168' title='bbox 916 1049 1086 1081; x_wconf 64' lang='lat' dir='ltr'>Rea-oriam</span> <span class='ocrx_word' id='word_1_169' title='bbox 1102 1050 1138 1080; x_wconf 92' lang='lat' dir='ltr'>de</span> <span class='ocrx_word' id='word_1_170' title='bbox 1152 1050 1288 1080; x_wconf 80' lang='lat' dir='ltr'>Wimbich</span> 
     </span>
     <span class='ocr_line' id='line_1_22' title="bbox 226 1088 1284 1130; baseline -0.006 -6"><span class='ocrx_word' id='word_1_171' title='bbox 226 1093 347 1124; x_wconf 79' lang='lat' dir='ltr'>Dioces&#39;</span> <span class='ocrx_word' id='word_1_172' title='bbox 366 1093 491 1124; x_wconf 85' lang='lat' dir='ltr'>London&#39;</span> <span class='ocrx_word' id='word_1_173' title='bbox 502 1093 562 1130; x_wconf 89' lang='lat' dir='ltr'>jam</span> <span class='ocrx_word' id='word_1_174' title='bbox 578 1092 702 1129; x_wconf 77' lang='lat' dir='ltr'>legitime</span> <span class='ocrx_word' id='word_1_175' title='bbox 717 1092 748 1123; x_wconf 61' lang='grc' dir='ltr'>ἕξ</span> <span class='ocrx_word' id='word_1_176' title='bbox 762 1091 798 1121; x_wconf 92' lang='lat' dir='ltr'>de</span> <span class='ocrx_word' id='word_1_177' title='bbox 811 1091 869 1127; x_wconf 83' lang='lat' dir='ltr'>jure</span> <span class='ocrx_word' id='word_1_178' title='bbox 884 1098 1047 1127; x_wconf 81' lang='lat' dir='ltr'>vacantem,</span> <span class='ocrx_word' id='word_1_179' title='bbox 1063 1091 1096 1120; x_wconf 91' lang='lat'>&amp;</span> <span class='ocrx_word' id='word_1_180' title='bbox 1109 1088 1143 1119; x_wconf 92' lang='lat' dir='ltr'>ad</span> <span class='ocrx_word' id='word_1_181' title='bbox 1158 1089 1284 1119; x_wconf 88' lang='lat' dir='ltr'>nostram</span> 
     </span>
     <span class='ocr_line' id='line_1_23' title="bbox 223 1127 1287 1168; baseline -0.002 -8"><span class='ocrx_word' id='word_1_182' title='bbox 223 1132 466 1163; x_wconf 83' lang='lat' dir='ltr'>Presentationem</span> <span class='ocrx_word' id='word_1_183' title='bbox 498 1140 545 1168; x_wconf 85' lang='lat' dir='ltr'>per</span> <span class='ocrx_word' id='word_1_184' title='bbox 567 1129 673 1167; x_wconf 88' lang='lat' dir='ltr'>lapsum</span> <span class='ocrx_word' id='word_1_185' title='bbox 701 1130 836 1167; x_wconf 87' lang='lat' dir='ltr'>temporis</span> <span class='ocrx_word' id='word_1_186' title='bbox 856 1127 902 1158; x_wconf 87' lang='lat' dir='ltr'>vel</span> <span class='ocrx_word' id='word_1_187' title='bbox 920 1127 1016 1166; x_wconf 87' lang='lat' dir='ltr'>aliquo</span> <span class='ocrx_word' id='word_1_188' title='bbox 1038 1128 1092 1158; x_wconf 93' lang='lat' dir='ltr'>alio</span> <span class='ocrx_word' id='word_1_189' title='bbox 1113 1138 1287 1166; x_wconf 86' lang='lat' dir='ltr'>quocunque</span> 
     </span>
     <span class='ocr_line' id='line_1_24' title="bbox 225 1166 1284 1206; baseline -0.006 -4"><span class='ocrx_word' id='word_1_190' title='bbox 225 1170 317 1202; x_wconf 89' lang='lat' dir='ltr'>modo</span> <span class='ocrx_word' id='word_1_191' title='bbox 341 1172 395 1202; x_wconf 77' lang='lat' dir='ltr'>hac</span> <span class='ocrx_word' id='word_1_192' title='bbox 419 1171 482 1200; x_wconf 91' lang='lat' dir='ltr'>vice</span> <span class='ocrx_word' id='word_1_193' title='bbox 497 1169 681 1205; x_wconf 54' lang='lat' dir='ltr'>speetaiitem.</span> <span class='ocrx_word' id='word_1_194' title='bbox 717 1167 754 1197; x_wconf 90' lang='lat' dir='ltr'>Et</span> <span class='ocrx_word' id='word_1_195' title='bbox 771 1168 928 1206; x_wconf 86' lang='lat' dir='ltr'>diriguntur</span> <span class='ocrx_word' id='word_1_196' title='bbox 943 1166 980 1197; x_wconf 91' lang='lat' dir='ltr'>he</span> <span class='ocrx_word' id='word_1_197' title='bbox 997 1166 1093 1197; x_wconf 86' lang='lat' dir='ltr'>Litere</span> <span class='ocrx_word' id='word_1_198' title='bbox 1110 1166 1284 1197; x_wconf 86' lang='lat' dir='ltr'>Reverendo</span> 
     </span>
     <span class='ocr_line' id='line_1_25' title="bbox 223 1204 1057 1244; baseline -0.006 -5"><span class='ocrx_word' id='word_1_199' title='bbox 223 1210 252 1239; x_wconf 87' lang='lat' dir='ltr'>in</span> <span class='ocrx_word' id='word_1_200' title='bbox 270 1208 388 1239; x_wconf 87' lang='lat' dir='ltr'>Christo</span> <span class='ocrx_word' id='word_1_201' title='bbox 403 1208 477 1238; x_wconf 88' lang='lat' dir='ltr'>Patri</span> <span class='ocrx_word' id='word_1_202' title='bbox 493 1208 629 1238; x_wconf 85' lang='lat' dir='ltr'>Domino</span> <span class='ocrx_word' id='word_1_203' title='bbox 642 1209 754 1243; x_wconf 76' lang='lat' dir='ltr'>Georgia</span> <span class='ocrx_word' id='word_1_204' title='bbox 768 1204 895 1235; x_wconf 86' lang='lat' dir='ltr'>London’</span> <span class='ocrx_word' id='word_1_205' title='bbox 906 1204 1057 1244; x_wconf 83' lang='lat' dir='ltr'>Episcopo.</span> 
     </span>
    </p>

    <p class='ocr_par' dir='ltr' id='par_1_10' title="bbox 224 1242 1285 1316">
     <span class='ocr_line' id='line_1_26' title="bbox 259 1242 1285 1316; baseline -0.002 -39"><span class='ocrx_word' id='word_1_206' title='bbox 259 1247 348 1316; x_wconf 50' lang='lat' dir='ltr'>Tiste</span> <span class='ocrx_word' id='word_1_207' title='bbox 373 1246 455 1287; x_wconf 88' lang='lat' dir='ltr'>Rege</span> <span class='ocrx_word' id='word_1_208' title='bbox 475 1246 548 1286; x_wconf 85' lang='lat' dir='ltr'>apud</span> <span class='ocrx_word' id='word_1_209' title='bbox 571 1245 726 1277; x_wconf 85' lang='lat' dir='ltr'>Civitatem</span> <span class='ocrx_word' id='word_1_210' title='bbox 748 1246 831 1275; x_wconf 85' lang='lat' dir='ltr'>Nove</span> <span class='ocrx_word' id='word_1_211' title='bbox 846 1247 963 1283; x_wconf 83' lang='lat' dir='ltr'>Sarum,</span> <span class='ocrx_word' id='word_1_212' title='bbox 979 1244 1096 1275; x_wconf 89' lang='lat' dir='ltr'>decimo</span> <span class='ocrx_word' id='word_1_213' title='bbox 1111 1244 1214 1283; x_wconf 89' lang='lat' dir='ltr'>quinto</span> <span class='ocrx_word' id='word_1_214' title='bbox 1226 1242 1285 1276; x_wconf 88' lang='lat' dir='ltr'>Die</span> 
     </span>
     <span class='ocr_line' id='line_1_27' title="bbox 224 1287 358 1316; baseline 0 0"><span class='ocrx_word' id='word_1_215' title='bbox 224 1287 293 1316; x_wconf 65' lang='lat'>030</span> <span class='ocrx_word' id='word_1_216' title='bbox 311 1290 358 1316; x_wconf 83' lang='lat' dir='ltr'>ris.</span> 
     </span>
    </p>
   </div>
   <div class='ocr_carea' id='block_1_5' title="bbox 219 1359 1284 1663">
    <p class='ocr_par' dir='ltr' id='par_1_11' title="bbox 219 1359 1284 1663">
     <span class='ocr_line' id='line_1_28' title="bbox 254 1359 1283 1402; baseline -0.001 -8"><span class='ocrx_word' id='word_1_217' title='bbox 254 1363 400 1402; x_wconf 55' lang='lat' dir='ltr'>jaconus</span> <span class='ocrx_word' id='word_1_218' title='bbox 421 1361 558 1399; x_wconf 61' lang='lat' dir='ltr'>Kissia,</span> <span class='ocrx_word' id='word_1_219' title='bbox 577 1361 726 1401; x_wconf 81' lang='lat' dir='ltr'>Clericus,</span> <span class='ocrx_word' id='word_1_220' title='bbox 743 1362 771 1393; x_wconf 90' lang='lat' dir='ltr'>in</span> <span class='ocrx_word' id='word_1_221' title='bbox 794 1360 911 1393; x_wconf 77' lang='lat' dir='ltr'>Artibus</span> <span class='ocrx_word' id='word_1_222' title='bbox 930 1359 1068 1402; x_wconf 81' lang='lat' dir='ltr'>Magister</span> <span class='ocrx_word' id='word_1_223' title='bbox 1083 1360 1170 1393; x_wconf 88' lang='lat' dir='ltr'>habet</span> <span class='ocrx_word' id='word_1_224' title='bbox 1189 1360 1283 1393; x_wconf 85' lang='lat' dir='ltr'>consi-</span> 
     </span>
     <span class='ocr_line' id='line_1_29' title="bbox 222 1400 1283 1439; baseline -0.002 -7"><span class='ocrx_word' id='word_1_225' title='bbox 222 1404 303 1433; x_wconf 87' lang='lat' dir='ltr'>miles</span> <span class='ocrx_word' id='word_1_226' title='bbox 320 1403 424 1432; x_wconf 83' lang='lat' dir='ltr'>Literas</span> <span class='ocrx_word' id='word_1_227' title='bbox 441 1402 571 1432; x_wconf 87' lang='lat' dir='ltr'>patentes</span> <span class='ocrx_word' id='word_1_228' title='bbox 590 1402 625 1433; x_wconf 89' lang='lat' dir='ltr'>de</span> <span class='ocrx_word' id='word_1_229' title='bbox 640 1402 850 1433; x_wconf 86' lang='lat' dir='ltr'>Presentatione</span> <span class='ocrx_word' id='word_1_230' title='bbox 866 1401 900 1431; x_wconf 91' lang='lat' dir='ltr'>ad</span> <span class='ocrx_word' id='word_1_231' title='bbox 915 1400 1080 1432; x_wconf 66' lang='lat' dir='ltr'>Restoriam</span> <span class='ocrx_word' id='word_1_232' title='bbox 1097 1401 1132 1431; x_wconf 92' lang='lat' dir='ltr'>de</span> <span class='ocrx_word' id='word_1_233' title='bbox 1147 1400 1283 1439; x_wconf 83' lang='lat' dir='ltr'>Wirling-</span> 
     </span>
     <span class='ocr_line' id='line_1_30' title="bbox 221 1439 1282 1471; baseline 0 -1"><span class='ocrx_word' id='word_1_234' title='bbox 221 1440 288 1470; x_wconf 79' lang='lat' dir='ltr'>ham</span> <span class='ocrx_word' id='word_1_235' title='bbox 310 1439 428 1470; x_wconf 90' lang='lat' dir='ltr'>Dioces’</span> <span class='ocrx_word' id='word_1_236' title='bbox 452 1440 613 1470; x_wconf 80' lang='lat' dir='ltr'>Norwicen’</span> <span class='ocrx_word' id='word_1_237' title='bbox 651 1451 680 1471; x_wconf 90' lang='lat' dir='ltr'>er</span> <span class='ocrx_word' id='word_1_238' title='bbox 705 1440 836 1471; x_wconf 84' lang='lat' dir='ltr'>Mortem</span> <span class='ocrx_word' id='word_1_239' title='bbox 851 1439 944 1471; x_wconf 91' lang='lat' dir='ltr'>ultimi</span> <span class='ocrx_word' id='word_1_240' title='bbox 961 1439 1157 1470; x_wconf 84' lang='lat' dir='ltr'>Incumbentis</span> <span class='ocrx_word' id='word_1_241' title='bbox 1171 1440 1282 1470; x_wconf 87' lang='lat' dir='ltr'>ibidem</span> 
     </span>
     <span class='ocr_line' id='line_1_31' title="bbox 222 1477 1282 1517; baseline -0.002 -8"><span class='ocrx_word' id='word_1_242' title='bbox 222 1481 280 1517; x_wconf 89' lang='lat' dir='ltr'>jam</span> <span class='ocrx_word' id='word_1_243' title='bbox 300 1487 464 1515; x_wconf 83' lang='lat' dir='ltr'>vacantem,</span> <span class='ocrx_word' id='word_1_244' title='bbox 483 1479 517 1510; x_wconf 91' lang='lat'>&amp;</span> <span class='ocrx_word' id='word_1_245' title='bbox 533 1479 566 1509; x_wconf 87' lang='lat' dir='ltr'>ad</span> <span class='ocrx_word' id='word_1_246' title='bbox 583 1482 633 1508; x_wconf 76' lang='lat' dir='ltr'>noi</span> <span class='ocrx_word' id='word_1_247' title='bbox 649 1488 710 1510; x_wconf 90' lang='lat' dir='ltr'>ram</span> <span class='ocrx_word' id='word_1_248' title='bbox 727 1478 968 1509; x_wconf 82' lang='lat' dir='ltr'>Presentationem</span> <span class='ocrx_word' id='word_1_249' title='bbox 986 1477 1072 1514; x_wconf 89' lang='lat' dir='ltr'>pleno</span> <span class='ocrx_word' id='word_1_250' title='bbox 1083 1478 1146 1515; x_wconf 90' lang='lat' dir='ltr'>jure</span> <span class='ocrx_word' id='word_1_251' title='bbox 1157 1478 1282 1515; x_wconf 65' lang='lat' dir='ltr'>spectan-</span> 
     </span>
     <span class='ocr_line' id='line_1_32' title="bbox 223 1515 1284 1555; baseline -0.002 -7"><span class='ocrx_word' id='word_1_252' title='bbox 223 1526 291 1548; x_wconf 89' lang='lat' dir='ltr'>tem.</span> <span class='ocrx_word' id='word_1_253' title='bbox 321 1516 356 1546; x_wconf 84' lang='lat' dir='ltr'>Et</span> <span class='ocrx_word' id='word_1_254' title='bbox 369 1517 529 1555; x_wconf 86' lang='lat' dir='ltr'>diriguntur</span> <span class='ocrx_word' id='word_1_255' title='bbox 543 1518 580 1548; x_wconf 88' lang='lat' dir='ltr'>he</span> <span class='ocrx_word' id='word_1_256' title='bbox 598 1517 691 1548; x_wconf 85' lang='lat' dir='ltr'>Litere</span> <span class='ocrx_word' id='word_1_257' title='bbox 710 1517 880 1548; x_wconf 82' lang='lat' dir='ltr'>Reverendo</span> <span class='ocrx_word' id='word_1_258' title='bbox 898 1517 928 1547; x_wconf 90' lang='lat' dir='ltr'>in</span> <span class='ocrx_word' id='word_1_259' title='bbox 944 1515 1063 1546; x_wconf 90' lang='lat' dir='ltr'>Christo</span> <span class='ocrx_word' id='word_1_260' title='bbox 1080 1516 1157 1547; x_wconf 89' lang='lat' dir='ltr'>Patri</span> <span class='ocrx_word' id='word_1_261' title='bbox 1175 1516 1284 1547; x_wconf 91' lang='lat' dir='ltr'>Domi-</span> 
     </span>
     <span class='ocr_line' id='line_1_33' title="bbox 223 1554 734 1593; baseline -0.006 -7"><span class='ocrx_word' id='word_1_262' title='bbox 223 1566 263 1586; x_wconf 86' lang='lat' dir='ltr'>no</span> <span class='ocrx_word' id='word_1_263' title='bbox 276 1554 394 1584; x_wconf 80' lang='lat' dir='ltr'>Samueli</span> <span class='ocrx_word' id='word_1_264' title='bbox 407 1556 567 1586; x_wconf 74' lang='lat' dir='ltr'>Norwicen&#39;</span> <span class='ocrx_word' id='word_1_265' title='bbox 581 1555 734 1593; x_wconf 81' lang='lat' dir='ltr'>Episcopo.</span> 
     </span>
     <span class='ocr_line' id='line_1_34' title="bbox 219 1592 1284 1663; baseline 0.003 -41"><span class='ocrx_word' id='word_1_266' title='bbox 219 1592 344 1663; x_wconf 52' lang='grc' dir='ltr'>Οξῖίὶε</span> <span class='ocrx_word' id='word_1_267' title='bbox 366 1593 448 1634; x_wconf 82' lang='lat' dir='ltr'>Rege</span> <span class='ocrx_word' id='word_1_268' title='bbox 467 1595 543 1633; x_wconf 87' lang='lat' dir='ltr'>apud</span> <span class='ocrx_word' id='word_1_269' title='bbox 566 1597 688 1624; x_wconf 75' lang='lat' dir='ltr'>civitat.</span> <span class='ocrx_word' id='word_1_270' title='bbox 713 1594 798 1624; x_wconf 79' lang='lat' dir='ltr'>Nove</span> <span class='ocrx_word' id='word_1_271' title='bbox 812 1595 910 1624; x_wconf 84' lang='lat' dir='ltr'>Sarum</span> <span class='ocrx_word' id='word_1_272' title='bbox 924 1616 935 1632; x_wconf 91' lang='lat'>‚</span> <span class='ocrx_word' id='word_1_273' title='bbox 959 1593 1075 1626; x_wconf 89' lang='lat' dir='ltr'>decimo</span> <span class='ocrx_word' id='word_1_274' title='bbox 1096 1594 1198 1633; x_wconf 87' lang='lat' dir='ltr'>quinto</span> <span class='ocrx_word' id='word_1_275' title='bbox 1225 1594 1284 1626; x_wconf 90' lang='lat' dir='ltr'>Die</span> 
     </span>
    </p>

    <p class='ocr_par' dir='ltr' id='par_1_12' title="bbox 246 1642 354 1662">
     <span class='ocr_line' id='line_1_35' title="bbox 246 1642 354 1662; baseline 0 0"><span class='ocrx_word' id='word_1_276' title='bbox 246 1642 259 1662; x_wconf 82' lang='lat' dir='ltr'><em>C</em></span> <span class='ocrx_word' id='word_1_277' title='bbox 275 1643 287 1662; x_wconf 83' lang='lat'><em>0</em></span> <span class='ocrx_word' id='word_1_278' title='bbox 299 1643 354 1662; x_wconf 60' lang='lat'>715.</span> 
     </span>
    </p>
   </div>
   <div class='ocr_carea' id='block_1_6' title="bbox 215 1707 1284 1982">
    <p class='ocr_par' dir='ltr' id='par_1_13' title="bbox 215 1707 1284 1940">
     <span class='ocr_line' id='line_1_36' title="bbox 257 1707 1283 1748; baseline 0 -7"><span class='ocrx_word' id='word_1_279' title='bbox 257 1710 405 1742; x_wconf 68' lang='lat' dir='ltr'>Tamus</span> <span class='ocrx_word' id='word_1_280' title='bbox 430 1711 612 1743; x_wconf 55' lang='lat' dir='ltr'>Rawonrii</span> <span class='ocrx_word' id='word_1_281' title='bbox 628 1732 637 1748; x_wconf 93' lang='lat'>,</span> <span class='ocrx_word' id='word_1_282' title='bbox 663 1710 793 1741; x_wconf 82' lang='lat' dir='ltr'>Clericus</span> <span class='ocrx_word' id='word_1_283' title='bbox 809 1731 819 1748; x_wconf 93' lang='lat'>,</span> <span class='ocrx_word' id='word_1_284' title='bbox 845 1710 874 1739; x_wconf 90' lang='lat' dir='ltr'>in</span> <span class='ocrx_word' id='word_1_285' title='bbox 895 1708 1012 1741; x_wconf 84' lang='lat' dir='ltr'>Artibus</span> <span class='ocrx_word' id='word_1_286' title='bbox 1036 1707 1176 1748; x_wconf 86' lang='lat' dir='ltr'>Magister</span> <span class='ocrx_word' id='word_1_287' title='bbox 1200 1710 1283 1741; x_wconf 82' lang='lat' dir='ltr'>habet</span> 
     </span>
     <span class='ocr_line' id='line_1_37' title="bbox 219 1746 1284 1781; baseline -0.003 -1"><span class='ocrx_word' id='word_1_288' title='bbox 219 1750 379 1780; x_wconf 83' lang='lat' dir='ltr'>conlimiles</span> <span class='ocrx_word' id='word_1_289' title='bbox 395 1750 501 1781; x_wconf 88' lang='lat' dir='ltr'>Literas</span> <span class='ocrx_word' id='word_1_290' title='bbox 518 1750 647 1780; x_wconf 83' lang='lat' dir='ltr'>Patentes</span> <span class='ocrx_word' id='word_1_291' title='bbox 659 1749 695 1778; x_wconf 92' lang='lat' dir='ltr'>de</span> <span class='ocrx_word' id='word_1_292' title='bbox 710 1748 916 1779; x_wconf 89' lang='lat' dir='ltr'>presentatione</span> <span class='ocrx_word' id='word_1_293' title='bbox 931 1747 966 1778; x_wconf 88' lang='lat' dir='ltr'>ad</span> <span class='ocrx_word' id='word_1_294' title='bbox 982 1746 1154 1778; x_wconf 61' lang='lat' dir='ltr'>Rectoriam</span> <span class='ocrx_word' id='word_1_295' title='bbox 1164 1747 1198 1778; x_wconf 86' lang='lat' dir='ltr'>de</span> <span class='ocrx_word' id='word_1_296' title='bbox 1208 1751 1284 1778; x_wconf 87' lang='lat' dir='ltr'>Bar-</span> 
     </span>
     <span class='ocr_line' id='line_1_38' title="bbox 220 1785 1283 1825; baseline 0 -7"><span class='ocrx_word' id='word_1_297' title='bbox 220 1796 269 1818; x_wconf 84' lang='lat' dir='ltr'>ton</span> <span class='ocrx_word' id='word_1_298' title='bbox 285 1790 382 1819; x_wconf 66' lang='lat' dir='ltr'>Sancti</span> <span class='ocrx_word' id='word_1_299' title='bbox 397 1790 514 1819; x_wconf 83' lang='lat' dir='ltr'>Andree</span> <span class='ocrx_word' id='word_1_300' title='bbox 528 1788 647 1819; x_wconf 86' lang='lat' dir='ltr'>Dioces&#39;</span> <span class='ocrx_word' id='word_1_301' title='bbox 662 1786 822 1817; x_wconf 81' lang='lat' dir='ltr'>Norwicen&#39;</span> <span class='ocrx_word' id='word_1_302' title='bbox 840 1796 888 1825; x_wconf 89' lang='lat' dir='ltr'>per</span> <span class='ocrx_word' id='word_1_303' title='bbox 905 1785 1040 1817; x_wconf 87' lang='lat' dir='ltr'>Mortem</span> <span class='ocrx_word' id='word_1_304' title='bbox 1053 1787 1145 1818; x_wconf 89' lang='lat' dir='ltr'>ultimi</span> <span class='ocrx_word' id='word_1_305' title='bbox 1160 1786 1283 1818; x_wconf 82' lang='lat' dir='ltr'>Incum-</span> 
     </span>
     <span class='ocr_line' id='line_1_39' title="bbox 220 1825 1282 1866; baseline 0 -10"><span class='ocrx_word' id='word_1_306' title='bbox 220 1828 312 1857; x_wconf 84' lang='lat' dir='ltr'>bentis</span> <span class='ocrx_word' id='word_1_307' title='bbox 325 1828 432 1858; x_wconf 84' lang='lat' dir='ltr'>ibidem</span> <span class='ocrx_word' id='word_1_308' title='bbox 444 1830 502 1866; x_wconf 86' lang='lat' dir='ltr'>jam</span> <span class='ocrx_word' id='word_1_309' title='bbox 516 1836 682 1863; x_wconf 77' lang='lat' dir='ltr'>vacantem,</span> <span class='ocrx_word' id='word_1_310' title='bbox 701 1828 734 1858; x_wconf 88' lang='lat'>&amp;</span> <span class='ocrx_word' id='word_1_311' title='bbox 749 1826 784 1856; x_wconf 87' lang='lat' dir='ltr'>ad</span> <span class='ocrx_word' id='word_1_312' title='bbox 801 1825 926 1856; x_wconf 81' lang='lat' dir='ltr'>nostram</span> <span class='ocrx_word' id='word_1_313' title='bbox 945 1825 1179 1856; x_wconf 84' lang='lat' dir='ltr'>Presentationem</span> <span class='ocrx_word' id='word_1_314' title='bbox 1195 1825 1282 1862; x_wconf 88' lang='lat' dir='ltr'>pleno</span> 
     </span>
     <span class='ocr_line' id='line_1_40' title="bbox 215 1862 1282 1903; baseline 0 -9"><span class='ocrx_word' id='word_1_315' title='bbox 215 1866 278 1903; x_wconf 86' lang='lat' dir='ltr'>jure</span> <span class='ocrx_word' id='word_1_316' title='bbox 301 1866 484 1903; x_wconf 66' lang='lat' dir='ltr'>spectantem.</span> <span class='ocrx_word' id='word_1_317' title='bbox 521 1865 557 1896; x_wconf 90' lang='lat' dir='ltr'>Et</span> <span class='ocrx_word' id='word_1_318' title='bbox 575 1866 731 1903; x_wconf 78' lang='lat' dir='ltr'>digiruntur</span> <span class='ocrx_word' id='word_1_319' title='bbox 753 1865 788 1895; x_wconf 85' lang='lat' dir='ltr'>lie</span> <span class='ocrx_word' id='word_1_320' title='bbox 812 1864 903 1895; x_wconf 89' lang='lat' dir='ltr'>Litere</span> <span class='ocrx_word' id='word_1_321' title='bbox 926 1863 1096 1895; x_wconf 84' lang='lat' dir='ltr'>Reverendo</span> <span class='ocrx_word' id='word_1_322' title='bbox 1116 1864 1145 1894; x_wconf 91' lang='lat' dir='ltr'>in</span> <span class='ocrx_word' id='word_1_323' title='bbox 1164 1862 1282 1895; x_wconf 86' lang='lat' dir='ltr'>Christo</span> 
     </span>
     <span class='ocr_line' id='line_1_41' title="bbox 219 1902 924 1940; baseline -0.004 -6"><span class='ocrx_word' id='word_1_324' title='bbox 219 1903 294 1934; x_wconf 86' lang='lat' dir='ltr'>Patri</span> <span class='ocrx_word' id='word_1_325' title='bbox 313 1904 445 1935; x_wconf 82' lang='lat' dir='ltr'>Domino</span> <span class='ocrx_word' id='word_1_326' title='bbox 460 1903 580 1934; x_wconf 80' lang='lat' dir='ltr'>Samueli</span> <span class='ocrx_word' id='word_1_327' title='bbox 598 1903 754 1933; x_wconf 79' lang='lat' dir='ltr'>Norwicen&#39;</span> <span class='ocrx_word' id='word_1_328' title='bbox 771 1902 924 1940; x_wconf 80' lang='lat' dir='ltr'>Episcopo.</span> 
     </span>
    </p>

    <p class='ocr_par' dir='ltr' id='par_1_14' title="bbox 253 1939 1127 1982">
     <span class='ocr_line' id='line_1_42' title="bbox 253 1939 1127 1982; baseline -0.002 -10"><span class='ocrx_word' id='word_1_329' title='bbox 253 1942 341 1973; x_wconf 84' lang='lat' dir='ltr'>Teste</span> <span class='ocrx_word' id='word_1_330' title='bbox 357 1943 437 1982; x_wconf 86' lang='lat' dir='ltr'>Rege</span> <span class='ocrx_word' id='word_1_331' title='bbox 453 1943 527 1981; x_wconf 85' lang='lat' dir='ltr'>apud</span> <span class='ocrx_word' id='word_1_332' title='bbox 543 1943 682 1981; x_wconf 82' lang='lat' dir='ltr'>Reaa&#39;ing,</span> <span class='ocrx_word' id='word_1_333' title='bbox 701 1942 856 1972; x_wconf 89' lang='lat' dir='ltr'>undecimo</span> <span class='ocrx_word' id='word_1_334' title='bbox 873 1941 934 1971; x_wconf 84' lang='lat' dir='ltr'>Die</span> <span class='ocrx_word' id='word_1_335' title='bbox 949 1939 1127 1972; x_wconf 74' lang='lat' dir='ltr'>Novembris.</span> 
     </span>
    </p>
   </div>
   <div class='ocr_carea' id='block_1_7' title="bbox 211 2016 1282 2291">
    <p class='ocr_par' dir='ltr' id='par_1_15' title="bbox 211 2016 1282 2253">
     <span class='ocr_line' id='line_1_43' title="bbox 252 2016 1282 2060; baseline -0.001 -9"><span class='ocrx_word' id='word_1_336' title='bbox 252 2019 493 2051; x_wconf 72' lang='lat' dir='ltr'>HIERONYMUS</span> <span class='ocrx_word' id='word_1_337' title='bbox 513 2019 683 2056; x_wconf 62' lang='lat' dir='ltr'>Younca,</span> <span class='ocrx_word' id='word_1_338' title='bbox 709 2017 905 2060; x_wconf 32' lang='lat' dir='ltr'>Clericusnin</span> <span class='ocrx_word' id='word_1_339' title='bbox 928 2018 1046 2050; x_wconf 82' lang='lat' dir='ltr'>Artibus</span> <span class='ocrx_word' id='word_1_340' title='bbox 1069 2016 1210 2056; x_wconf 78' lang='lat' dir='ltr'>Magister</span> <span class='ocrx_word' id='word_1_341' title='bbox 1230 2019 1282 2050; x_wconf 85' lang='lat' dir='ltr'>ha-</span> 
     </span>
     <span class='ocr_line' id='line_1_44' title="bbox 215 2056 1279 2090; baseline -0.002 0"><span class='ocrx_word' id='word_1_342' title='bbox 215 2059 263 2090; x_wconf 89' lang='lat' dir='ltr'>bet</span> <span class='ocrx_word' id='word_1_343' title='bbox 286 2059 446 2089; x_wconf 77' lang='lat' dir='ltr'>consimiles</span> <span class='ocrx_word' id='word_1_344' title='bbox 466 2058 572 2088; x_wconf 81' lang='lat' dir='ltr'>Literas</span> <span class='ocrx_word' id='word_1_345' title='bbox 597 2057 723 2088; x_wconf 80' lang='lat' dir='ltr'>patentes</span> <span class='ocrx_word' id='word_1_346' title='bbox 745 2056 780 2086; x_wconf 87' lang='lat' dir='ltr'>de</span> <span class='ocrx_word' id='word_1_347' title='bbox 803 2057 1008 2088; x_wconf 86' lang='lat' dir='ltr'>Pielentatione</span> <span class='ocrx_word' id='word_1_348' title='bbox 1032 2057 1066 2087; x_wconf 87' lang='lat' dir='ltr'>ad</span> <span class='ocrx_word' id='word_1_349' title='bbox 1086 2056 1227 2087; x_wconf 86' lang='lat' dir='ltr'>Vicariam</span> <span class='ocrx_word' id='word_1_350' title='bbox 1243 2058 1279 2088; x_wconf 92' lang='lat' dir='ltr'>de</span> 
     </span>
     <span class='ocr_line' id='line_1_45' title="bbox 214 2095 1277 2134; baseline -0.001 -7"><span class='ocrx_word' id='word_1_351' title='bbox 214 2100 274 2133; x_wconf 51' lang='lat' dir='ltr'>L),</span> <span class='ocrx_word' id='word_1_352' title='bbox 289 2097 409 2127; x_wconf 80' lang='lat' dir='ltr'>Dioces&#39;</span> <span class='ocrx_word' id='word_1_353' title='bbox 423 2096 517 2127; x_wconf 83' lang='lat' dir='ltr'><em>Glouc&#39;</em></span> <span class='ocrx_word' id='word_1_354' title='bbox 533 2106 580 2134; x_wconf 88' lang='lat' dir='ltr'>per</span> <span class='ocrx_word' id='word_1_355' title='bbox 599 2096 831 2134; x_wconf 84' lang='lat' dir='ltr'>Relignationem</span> <span class='ocrx_word' id='word_1_356' title='bbox 848 2096 941 2126; x_wconf 91' lang='lat' dir='ltr'>ultimi</span> <span class='ocrx_word' id='word_1_357' title='bbox 957 2095 1154 2126; x_wconf 86' lang='lat' dir='ltr'>Incumbentis</span> <span class='ocrx_word' id='word_1_358' title='bbox 1170 2096 1277 2127; x_wconf 84' lang='lat' dir='ltr'>ibidem</span> 
     </span>
     <span class='ocr_line' id='line_1_46' title="bbox 211 2133 1281 2174; baseline -0.001 -8"><span class='ocrx_word' id='word_1_359' title='bbox 211 2135 273 2174; x_wconf 73' lang='lat' dir='ltr'>ja&#39;m</span> <span class='ocrx_word' id='word_1_360' title='bbox 297 2144 448 2166; x_wconf 79' lang='lat' dir='ltr'>vacantem</span> <span class='ocrx_word' id='word_1_361' title='bbox 475 2137 508 2166; x_wconf 91' lang='lat'>&amp;</span> <span class='ocrx_word' id='word_1_362' title='bbox 532 2134 566 2165; x_wconf 86' lang='lat' dir='ltr'>ad</span> <span class='ocrx_word' id='word_1_363' title='bbox 582 2134 706 2164; x_wconf 86' lang='lat' dir='ltr'>nostram</span> <span class='ocrx_word' id='word_1_364' title='bbox 724 2133 964 2165; x_wconf 79' lang='lat' dir='ltr'>presentationem</span> <span class='ocrx_word' id='word_1_365' title='bbox 979 2135 1064 2171; x_wconf 86' lang='lat' dir='ltr'>pleno</span> <span class='ocrx_word' id='word_1_366' title='bbox 1074 2134 1138 2172; x_wconf 85' lang='lat' dir='ltr'>jure</span> <span class='ocrx_word' id='word_1_367' title='bbox 1152 2135 1281 2174; x_wconf 66' lang='lat' dir='ltr'>spectan-</span> 
     </span>
     <span class='ocr_line' id='line_1_47' title="bbox 217 2172 1280 2212; baseline 0 -8"><span class='ocrx_word' id='word_1_368' title='bbox 217 2184 285 2205; x_wconf 85' lang='lat' dir='ltr'>tem.</span> <span class='ocrx_word' id='word_1_369' title='bbox 324 2174 362 2204; x_wconf 88' lang='lat' dir='ltr'>Et</span> <span class='ocrx_word' id='word_1_370' title='bbox 376 2174 532 2212; x_wconf 88' lang='lat' dir='ltr'>diriguntur</span> <span class='ocrx_word' id='word_1_371' title='bbox 547 2173 585 2203; x_wconf 89' lang='lat' dir='ltr'>he</span> <span class='ocrx_word' id='word_1_372' title='bbox 602 2173 696 2203; x_wconf 87' lang='lat' dir='ltr'>Litere</span> <span class='ocrx_word' id='word_1_373' title='bbox 712 2172 885 2204; x_wconf 88' lang='lat' dir='ltr'>Reverendo</span> <span class='ocrx_word' id='word_1_374' title='bbox 897 2174 927 2202; x_wconf 91' lang='lat' dir='ltr'>in</span> <span class='ocrx_word' id='word_1_375' title='bbox 943 2172 1060 2203; x_wconf 88' lang='lat' dir='ltr'>Christo</span> <span class='ocrx_word' id='word_1_376' title='bbox 1076 2173 1154 2204; x_wconf 81' lang='lat' dir='ltr'>Patri</span> <span class='ocrx_word' id='word_1_377' title='bbox 1170 2173 1280 2204; x_wconf 86' lang='lat' dir='ltr'>Domi-</span> 
     </span>
     <span class='ocr_line' id='line_1_48' title="bbox 217 2211 770 2253; baseline -0.005 -10"><span class='ocrx_word' id='word_1_378' title='bbox 217 2223 259 2243; x_wconf 89' lang='lat' dir='ltr'>no</span> <span class='ocrx_word' id='word_1_379' title='bbox 273 2212 404 2253; x_wconf 82' lang='lat' dir='ltr'>Godfrido</span> <span class='ocrx_word' id='word_1_380' title='bbox 420 2211 599 2252; x_wconf 64' lang='lat' dir='ltr'>Gloucestren‘</span> <span class='ocrx_word' id='word_1_381' title='bbox 615 2211 770 2249; x_wconf 88' lang='lat' dir='ltr'>Episcopo.</span> 
     </span>
    </p>

    <p class='ocr_par' dir='ltr' id='par_1_16' title="bbox 253 2249 1189 2291">
     <span class='ocr_line' id='line_1_49' title="bbox 253 2249 1189 2291; baseline -0.004 -8"><span class='ocrx_word' id='word_1_382' title='bbox 253 2251 340 2283; x_wconf 85' lang='lat' dir='ltr'>Teste</span> <span class='ocrx_word' id='word_1_383' title='bbox 358 2252 439 2291; x_wconf 82' lang='lat' dir='ltr'>Rege</span> <span class='ocrx_word' id='word_1_384' title='bbox 453 2253 527 2290; x_wconf 87' lang='lat' dir='ltr'>apud</span> <span class='ocrx_word' id='word_1_385' title='bbox 539 2250 678 2289; x_wconf 83' lang='lat' dir='ltr'>Reading,</span> <span class='ocrx_word' id='word_1_386' title='bbox 698 2250 813 2282; x_wconf 87' lang='lat' dir='ltr'>decimo</span> <span class='ocrx_word' id='word_1_387' title='bbox 828 2257 928 2289; x_wconf 85' lang='lat' dir='ltr'>quarto</span> <span class='ocrx_word' id='word_1_388' title='bbox 942 2249 1002 2281; x_wconf 90' lang='lat' dir='ltr'>Die</span> <span class='ocrx_word' id='word_1_389' title='bbox 1015 2249 1189 2280; x_wconf 79' lang='lat' dir='ltr'>Novembris.</span> 
     </span>
    </p>
   </div>
   <div class='ocr_carea' id='block_1_8' title="bbox 217 2326 1284 2601">
    <p class='ocr_par' dir='ltr' id='par_1_17' title="bbox 217 2326 1284 2560">
     <span class='ocr_line' id='line_1_50' title="bbox 256 2326 1284 2366; baseline 0 -7"><span class='ocrx_word' id='word_1_390' title='bbox 256 2328 394 2360; x_wconf 62' lang='lat' dir='ltr'>Psi-nus</span> <span class='ocrx_word' id='word_1_391' title='bbox 412 2329 596 2366; x_wconf 67' lang='lat' dir='ltr'>DRAPIER,</span> <span class='ocrx_word' id='word_1_392' title='bbox 614 2327 763 2365; x_wconf 86' lang='lat' dir='ltr'>Clericus,</span> <span class='ocrx_word' id='word_1_393' title='bbox 778 2326 864 2358; x_wconf 89' lang='lat' dir='ltr'>habet</span> <span class='ocrx_word' id='word_1_394' title='bbox 878 2327 1039 2358; x_wconf 82' lang='lat' dir='ltr'>confimiles</span> <span class='ocrx_word' id='word_1_395' title='bbox 1059 2326 1166 2358; x_wconf 89' lang='lat' dir='ltr'>Literas</span> <span class='ocrx_word' id='word_1_396' title='bbox 1180 2328 1284 2360; x_wconf 87' lang='lat' dir='ltr'>Paten-</span> 
     </span>
     <span class='ocr_line' id='line_1_51' title="bbox 221 2365 1283 2408; baseline -0.001 -10"><span class='ocrx_word' id='word_1_397' title='bbox 221 2376 263 2398; x_wconf 85' lang='lat' dir='ltr'>tes</span> <span class='ocrx_word' id='word_1_398' title='bbox 279 2369 313 2398; x_wconf 92' lang='lat' dir='ltr'>de</span> <span class='ocrx_word' id='word_1_399' title='bbox 336 2368 542 2399; x_wconf 89' lang='lat' dir='ltr'>presentatione</span> <span class='ocrx_word' id='word_1_400' title='bbox 562 2368 597 2397; x_wconf 89' lang='lat' dir='ltr'>ad</span> <span class='ocrx_word' id='word_1_401' title='bbox 619 2366 789 2397; x_wconf 58' lang='lat' dir='ltr'>Redtoriam</span> <span class='ocrx_word' id='word_1_402' title='bbox 804 2366 840 2396; x_wconf 91' lang='lat' dir='ltr'>de</span> <span class='ocrx_word' id='word_1_403' title='bbox 853 2367 996 2397; x_wconf 74' lang='lat' dir='ltr'>Terweeke</span> <span class='ocrx_word' id='word_1_404' title='bbox 1009 2365 1126 2396; x_wconf 85' lang='lat' dir='ltr'>Dioces&#39;</span> <span class='ocrx_word' id='word_1_405' title='bbox 1141 2367 1283 2408; x_wconf 75' lang='lat' dir='ltr'>Cicestren&#39;</span> 
     </span>
     <span class='ocr_line' id='line_1_52' title="bbox 217 2404 1283 2446; baseline 0.001 -10"><span class='ocrx_word' id='word_1_406' title='bbox 217 2408 281 2446; x_wconf 83' lang='lat' dir='ltr'>jam</span> <span class='ocrx_word' id='word_1_407' title='bbox 295 2408 420 2445; x_wconf 70' lang='lat' dir='ltr'>legitime</span> <span class='ocrx_word' id='word_1_408' title='bbox 441 2408 474 2437; x_wconf 90' lang='lat'>&amp;</span> <span class='ocrx_word' id='word_1_409' title='bbox 491 2406 527 2436; x_wconf 89' lang='lat' dir='ltr'>de</span> <span class='ocrx_word' id='word_1_410' title='bbox 538 2407 598 2443; x_wconf 87' lang='lat' dir='ltr'>jure</span> <span class='ocrx_word' id='word_1_411' title='bbox 612 2412 779 2441; x_wconf 85' lang='lat' dir='ltr'>vacantem,</span> <span class='ocrx_word' id='word_1_412' title='bbox 797 2406 830 2436; x_wconf 66' lang='grc' dir='ltr'>ὃ(</span> <span class='ocrx_word' id='word_1_413' title='bbox 845 2405 881 2436; x_wconf 90' lang='lat' dir='ltr'>ad</span> <span class='ocrx_word' id='word_1_414' title='bbox 897 2404 1022 2435; x_wconf 90' lang='lat' dir='ltr'>nostram</span> <span class='ocrx_word' id='word_1_415' title='bbox 1041 2405 1283 2437; x_wconf 86' lang='lat' dir='ltr'>Presentationem</span> 
     </span>
     <span class='ocr_line' id='line_1_53' title="bbox 221 2443 1283 2484; baseline 0.001 -9"><span class='ocrx_word' id='word_1_416' title='bbox 221 2456 272 2483; x_wconf 78' lang='lat' dir='ltr'>per</span> <span class='ocrx_word' id='word_1_417' title='bbox 287 2445 392 2483; x_wconf 68' lang='lat' dir='ltr'>lapsum</span> <span class='ocrx_word' id='word_1_418' title='bbox 409 2447 546 2484; x_wconf 88' lang='lat' dir='ltr'>temporis</span> <span class='ocrx_word' id='word_1_419' title='bbox 559 2445 611 2474; x_wconf 90' lang='lat' dir='ltr'>hac</span> <span class='ocrx_word' id='word_1_420' title='bbox 628 2445 692 2475; x_wconf 87' lang='lat' dir='ltr'>vice</span> <span class='ocrx_word' id='word_1_421' title='bbox 704 2443 885 2482; x_wconf 58' lang='lat' dir='ltr'>speetantem.</span> <span class='ocrx_word' id='word_1_422' title='bbox 909 2443 947 2474; x_wconf 87' lang='lat' dir='ltr'>Et</span> <span class='ocrx_word' id='word_1_423' title='bbox 960 2444 1116 2483; x_wconf 87' lang='lat' dir='ltr'>diriguntur</span> <span class='ocrx_word' id='word_1_424' title='bbox 1132 2444 1169 2475; x_wconf 91' lang='lat' dir='ltr'>he</span> <span class='ocrx_word' id='word_1_425' title='bbox 1187 2445 1283 2476; x_wconf 89' lang='lat' dir='ltr'>Litere</span> 
     </span>
     <span class='ocr_line' id='line_1_54' title="bbox 222 2481 1284 2527; baseline 0.001 -14"><span class='ocrx_word' id='word_1_426' title='bbox 222 2484 397 2527; x_wconf 82' lang='lat' dir='ltr'>Reverendo</span> <span class='ocrx_word' id='word_1_427' title='bbox 426 2486 455 2513; x_wconf 89' lang='lat' dir='ltr'>in</span> <span class='ocrx_word' id='word_1_428' title='bbox 485 2483 605 2514; x_wconf 84' lang='lat' dir='ltr'>Christo</span> <span class='ocrx_word' id='word_1_429' title='bbox 636 2482 710 2513; x_wconf 83' lang='lat' dir='ltr'>Patri</span> <span class='ocrx_word' id='word_1_430' title='bbox 737 2481 871 2513; x_wconf 90' lang='lat' dir='ltr'>Domino</span> <span class='ocrx_word' id='word_1_431' title='bbox 895 2481 1030 2523; x_wconf 88' lang='lat' dir='ltr'>Georgio</span> <span class='ocrx_word' id='word_1_432' title='bbox 1052 2481 1191 2522; x_wconf 75' lang='lat' dir='ltr'>Cicestren’</span> <span class='ocrx_word' id='word_1_433' title='bbox 1215 2483 1284 2524; x_wconf 90' lang='lat' dir='ltr'>Epi-</span> 
     </span>
     <span class='ocr_line' id='line_1_55' title="bbox 222 2526 320 2560; baseline -0.031 -6"><span class='ocrx_word' id='word_1_434' title='bbox 222 2526 320 2560; x_wconf 61' lang='lat' dir='ltr'>scopo.</span> 
     </span>
    </p>

    <p class='ocr_par' dir='ltr' id='par_1_18' title="bbox 260 2559 1201 2601">
     <span class='ocr_line' id='line_1_56' title="bbox 260 2559 1201 2601; baseline -0.001 -10"><span class='ocrx_word' id='word_1_435' title='bbox 260 2560 352 2592; x_wconf 87' lang='lat' dir='ltr'>Teste</span> <span class='ocrx_word' id='word_1_436' title='bbox 369 2560 450 2600; x_wconf 83' lang='lat' dir='ltr'>Rege</span> <span class='ocrx_word' id='word_1_437' title='bbox 465 2560 537 2601; x_wconf 86' lang='lat' dir='ltr'>apud</span> <span class='ocrx_word' id='word_1_438' title='bbox 552 2560 706 2599; x_wconf 74' lang='lat' dir='ltr'>Reudinge,</span> <span class='ocrx_word' id='word_1_439' title='bbox 724 2560 840 2590; x_wconf 86' lang='lat' dir='ltr'>decimo</span> <span class='ocrx_word' id='word_1_440' title='bbox 854 2559 931 2591; x_wconf 86' lang='lat' dir='ltr'>sexto</span> <span class='ocrx_word' id='word_1_441' title='bbox 946 2560 1006 2592; x_wconf 90' lang='lat' dir='ltr'>Die</span> <span class='ocrx_word' id='word_1_442' title='bbox 1020 2560 1201 2591; x_wconf 77' lang='lat' dir='ltr'>Novembris.</span> 
     </span>
    </p>
   </div>
   <div class='ocr_carea' id='block_1_9' title="bbox 79 2636 1291 2839">
    <p class='ocr_par' dir='ltr' id='par_1_19' title="bbox 258 2636 1289 2678">
     <span class='ocr_line' id='line_1_57' title="bbox 258 2636 1289 2678; baseline 0.002 -9"><span class='ocrx_word' id='word_1_443' title='bbox 258 2639 364 2678; x_wconf 54' lang='grc' dir='ltr'>,ῘΑεοΒ</span> <span class='ocrx_word' id='word_1_444' title='bbox 379 2638 504 2676; x_wconf 62' lang='grc' dir='ltr'><strong>ΙοκΕς,</strong></span> <span class='ocrx_word' id='word_1_445' title='bbox 523 2637 653 2668; x_wconf 88' lang='lat' dir='ltr'>Clericus</span> <span class='ocrx_word' id='word_1_446' title='bbox 676 2638 704 2667; x_wconf 85' lang='lat' dir='ltr'>in</span> <span class='ocrx_word' id='word_1_447' title='bbox 728 2636 846 2668; x_wconf 81' lang='lat' dir='ltr'>Artibus</span> <span class='ocrx_word' id='word_1_448' title='bbox 865 2636 1003 2676; x_wconf 88' lang='lat' dir='ltr'>Magister</span> <span class='ocrx_word' id='word_1_449' title='bbox 1024 2638 1111 2668; x_wconf 86' lang='lat' dir='ltr'>habet</span> <span class='ocrx_word' id='word_1_450' title='bbox 1126 2637 1289 2671; x_wconf 80' lang='lat' dir='ltr'>consimiles</span> 
     </span>
    </p>

    <p class='ocr_par' dir='ltr' id='par_1_20' title="bbox 226 2675 1287 2710">
     <span class='ocr_line' id='line_1_58' title="bbox 226 2675 1287 2710; baseline 0.003 -3"><span class='ocrx_word' id='word_1_451' title='bbox 226 2678 335 2709; x_wconf 71' lang='lat' dir='ltr'>Literas</span> <span class='ocrx_word' id='word_1_452' title='bbox 359 2677 485 2708; x_wconf 83' lang='lat' dir='ltr'>patentes</span> <span class='ocrx_word' id='word_1_453' title='bbox 504 2677 539 2707; x_wconf 91' lang='lat' dir='ltr'>de</span> <span class='ocrx_word' id='word_1_454' title='bbox 559 2676 770 2706; x_wconf 84' lang='lat' dir='ltr'>presentatione</span> <span class='ocrx_word' id='word_1_455' title='bbox 784 2675 818 2705; x_wconf 87' lang='lat' dir='ltr'>ad</span> <span class='ocrx_word' id='word_1_456' title='bbox 835 2675 1002 2707; x_wconf 69' lang='lat' dir='ltr'>Rec‘toriam</span> <span class='ocrx_word' id='word_1_457' title='bbox 1018 2677 1054 2706; x_wconf 93' lang='lat' dir='ltr'>de</span> <span class='ocrx_word' id='word_1_458' title='bbox 1075 2676 1156 2707; x_wconf 77' lang='lat' dir='ltr'>cluer</span> <span class='ocrx_word' id='word_1_459' title='bbox 1169 2678 1287 2710; x_wconf 90' lang='lat' dir='ltr'>Dioces’</span> 
     </span>
    </p>

    <p class='ocr_par' dir='ltr' id='par_1_21' title="bbox 226 2714 1287 2755">
     <span class='ocr_line' id='line_1_59' title="bbox 226 2714 1287 2755; baseline 0 -9"><span class='ocrx_word' id='word_1_460' title='bbox 226 2720 324 2747; x_wconf 84' lang='lat' dir='ltr'>Sarum</span> <span class='ocrx_word' id='word_1_461' title='bbox 347 2727 394 2754; x_wconf 89' lang='lat' dir='ltr'>per</span> <span class='ocrx_word' id='word_1_462' title='bbox 418 2716 649 2753; x_wconf 76' lang='lat' dir='ltr'>Resignationem</span> <span class='ocrx_word' id='word_1_463' title='bbox 675 2714 766 2744; x_wconf 88' lang='lat' dir='ltr'>ultimi</span> <span class='ocrx_word' id='word_1_464' title='bbox 788 2714 986 2745; x_wconf 80' lang='lat' dir='ltr'>incumbentis</span> <span class='ocrx_word' id='word_1_465' title='bbox 998 2715 1052 2751; x_wconf 83' lang='lat' dir='ltr'>jam</span> <span class='ocrx_word' id='word_1_466' title='bbox 1066 2725 1236 2755; x_wconf 83' lang='lat' dir='ltr'>vacantem,</span> <span class='ocrx_word' id='word_1_467' title='bbox 1253 2719 1287 2749; x_wconf 76' lang='grc' dir='ltr'>δε</span> 
     </span>
    </p>

    <p class='ocr_par' dir='ltr' id='par_1_22' title="bbox 79 2752 1291 2839">
     <span class='ocr_line' id='line_1_60' title="bbox 227 2752 1291 2794; baseline 0 -8"><span class='ocrx_word' id='word_1_468' title='bbox 227 2756 261 2786; x_wconf 82' lang='lat' dir='ltr'>ad</span> <span class='ocrx_word' id='word_1_469' title='bbox 280 2755 404 2787; x_wconf 87' lang='lat' dir='ltr'>nostram</span> <span class='ocrx_word' id='word_1_470' title='bbox 431 2754 672 2784; x_wconf 80' lang='lat' dir='ltr'>presentationem</span> <span class='ocrx_word' id='word_1_471' title='bbox 695 2752 778 2789; x_wconf 87' lang='lat' dir='ltr'>pleno</span> <span class='ocrx_word' id='word_1_472' title='bbox 791 2754 854 2792; x_wconf 85' lang='lat' dir='ltr'>jure</span> <span class='ocrx_word' id='word_1_473' title='bbox 868 2753 1051 2791; x_wconf 71' lang='lat' dir='ltr'>spectantem.</span> <span class='ocrx_word' id='word_1_474' title='bbox 1083 2753 1120 2784; x_wconf 90' lang='lat' dir='ltr'>Et</span> <span class='ocrx_word' id='word_1_475' title='bbox 1134 2754 1291 2794; x_wconf 86' lang='lat' dir='ltr'>diriguntur</span> 
     </span>
     <span class='ocr_line' id='line_1_61' title="bbox 79 2790 1291 2839; baseline -0.001 -13"><span class='ocrx_word' id='word_1_476' title='bbox 79 2810 215 2839; x_wconf 52' lang='lat' dir='ltr'>„XVHL</span> <span class='ocrx_word' id='word_1_477' title='bbox 230 2795 266 2825; x_wconf 87' lang='lat' dir='ltr'>he</span> <span class='ocrx_word' id='word_1_478' title='bbox 286 2796 304 2813; x_wconf 66' lang='lat'>*³</span> <span class='ocrx_word' id='word_1_479' title='bbox 324 2795 418 2825; x_wconf 81' lang='lat' dir='ltr'>Litere</span> <span class='ocrx_word' id='word_1_480' title='bbox 441 2792 616 2825; x_wconf 88' lang='lat' dir='ltr'>Reverendo</span> <span class='ocrx_word' id='word_1_481' title='bbox 631 2793 658 2821; x_wconf 93' lang='lat' dir='ltr'>in</span> <span class='ocrx_word' id='word_1_482' title='bbox 675 2790 792 2821; x_wconf 86' lang='lat' dir='ltr'>Christo</span> <span class='ocrx_word' id='word_1_483' title='bbox 807 2790 945 2823; x_wconf 90' lang='lat' dir='ltr'>Domino</span> <span class='ocrx_word' id='word_1_484' title='bbox 962 2791 1093 2831; x_wconf 78' lang='lat' dir='ltr'>Johanm‘</span> <span class='ocrx_word' id='word_1_485' title='bbox 1106 2796 1206 2823; x_wconf 82' lang='lat' dir='ltr'>Sarum</span> <span class='ocrx_word' id='word_1_486' title='bbox 1219 2793 1291 2833; x_wconf 85' lang='lat' dir='ltr'>Epi-</span> 
     </span>
    </p>
   </div>
   <div class='ocr_carea' id='block_1_10' title="bbox 78 2833 1230 2910">
    <p class='ocr_par' dir='ltr' id='par_1_23' title="bbox 78 2833 1230 2910">
     <span class='ocr_line' id='line_1_62' title="bbox 78 2833 1230 2910; baseline 0.036 -53"><span class='ocrx_word' id='word_1_487' title='bbox 78 2853 146 2886; x_wconf 73' lang='lat'>⁶44·</span> <span class='ocrx_word' id='word_1_488' title='bbox 228 2833 357 2903; x_wconf 56' lang='lat' dir='ltr'>scolpgste</span> <span class='ocrx_word' id='word_1_489' title='bbox 369 2870 454 2909; x_wconf 86' lang='lat' dir='ltr'>Rege</span> <span class='ocrx_word' id='word_1_490' title='bbox 468 2870 541 2910; x_wconf 83' lang='lat' dir='ltr'>apud</span> <span class='ocrx_word' id='word_1_491' title='bbox 558 2869 680 2907; x_wconf 75' lang='lat' dir='ltr'>Reading</span> <span class='ocrx_word' id='word_1_492' title='bbox 689 2892 699 2908; x_wconf 78' lang='lat'>,</span> <span class='ocrx_word' id='word_1_493' title='bbox 716 2868 852 2901; x_wconf 87' lang='lat' dir='ltr'>vicesimo</span> <span class='ocrx_word' id='word_1_494' title='bbox 867 2878 966 2908; x_wconf 89' lang='lat' dir='ltr'>quarto</span> <span class='ocrx_word' id='word_1_495' title='bbox 981 2869 1040 2901; x_wconf 89' lang='lat' dir='ltr'>Die</span> <span class='ocrx_word' id='word_1_496' title='bbox 1053 2870 1230 2901; x_wconf 79' lang='lat' dir='ltr'>Novembris.</span> 
     </span>
    </p>
   </div>
   <div class='ocr_carea' id='block_1_11' title="bbox 231 2946 1305 3490">
    <p class='ocr_par' dir='ltr' id='par_1_24' title="bbox 231 2946 1294 3178">
     <span class='ocr_line' id='line_1_63' title="bbox 270 2946 1293 2987; baseline 0.001 -8"><span class='ocrx_word' id='word_1_497' title='bbox 270 2949 464 2980; x_wconf 77' lang='lat' dir='ltr'>EDWARDUS</span> <span class='ocrx_word' id='word_1_498' title='bbox 479 2948 605 2987; x_wconf 70' lang='lat' dir='ltr'>JAQJES</span> <span class='ocrx_word' id='word_1_499' title='bbox 616 2971 624 2985; x_wconf 89' lang='lat'>,</span> <span class='ocrx_word' id='word_1_500' title='bbox 643 2946 789 2984; x_wconf 85' lang='lat' dir='ltr'>Clericus,</span> <span class='ocrx_word' id='word_1_501' title='bbox 807 2947 835 2977; x_wconf 92' lang='lat' dir='ltr'>in</span> <span class='ocrx_word' id='word_1_502' title='bbox 862 2946 978 2978; x_wconf 82' lang='lat' dir='ltr'>Artibus</span> <span class='ocrx_word' id='word_1_503' title='bbox 998 2946 1193 2979; x_wconf 84' lang='lat' dir='ltr'>Bachalaurius</span> <span class='ocrx_word' id='word_1_504' title='bbox 1204 2948 1293 2980; x_wconf 85' lang='lat' dir='ltr'>habet</span> 
     </span>
     <span class='ocr_line' id='line_1_64' title="bbox 234 2985 1294 3020; baseline -0.004 0"><span class='ocrx_word' id='word_1_505' title='bbox 234 2989 395 3020; x_wconf 78' lang='lat' dir='ltr'>consimiles</span> <span class='ocrx_word' id='word_1_506' title='bbox 411 2987 514 3016; x_wconf 85' lang='lat' dir='ltr'>Literas</span> <span class='ocrx_word' id='word_1_507' title='bbox 531 2988 658 3017; x_wconf 83' lang='lat' dir='ltr'>patentes</span> <span class='ocrx_word' id='word_1_508' title='bbox 671 2987 705 3017; x_wconf 90' lang='lat' dir='ltr'>de</span> <span class='ocrx_word' id='word_1_509' title='bbox 722 2985 931 3016; x_wconf 86' lang='lat' dir='ltr'>Presentatione</span> <span class='ocrx_word' id='word_1_510' title='bbox 945 2986 980 3016; x_wconf 91' lang='lat' dir='ltr'>ad</span> <span class='ocrx_word' id='word_1_511' title='bbox 989 2985 1157 3017; x_wconf 69' lang='lat' dir='ltr'>Rec&#39;toriam</span> <span class='ocrx_word' id='word_1_512' title='bbox 1164 2988 1199 3017; x_wconf 91' lang='lat' dir='ltr'>de</span> <span class='ocrx_word' id='word_1_513' title='bbox 1207 2988 1294 3017; x_wconf 82' lang='lat' dir='ltr'>Kirk-</span> 
     </span>
     <span class='ocr_line' id='line_1_65' title="bbox 234 3023 1292 3062; baseline -0.001 -5"><span class='ocrx_word' id='word_1_514' title='bbox 234 3035 283 3058; x_wconf 85' lang='lat' dir='ltr'>ton</span> <span class='ocrx_word' id='word_1_515' title='bbox 307 3025 428 3057; x_wconf 82' lang='lat' dir='ltr'>Dioces&#39;</span> <span class='ocrx_word' id='word_1_516' title='bbox 449 3024 610 3054; x_wconf 81' lang='lat' dir='ltr'>Norwicen&#39;</span> <span class='ocrx_word' id='word_1_517' title='bbox 629 3035 676 3062; x_wconf 84' lang='lat' dir='ltr'>per</span> <span class='ocrx_word' id='word_1_518' title='bbox 697 3025 831 3055; x_wconf 87' lang='lat' dir='ltr'>Mortem</span> <span class='ocrx_word' id='word_1_519' title='bbox 854 3024 945 3055; x_wconf 90' lang='lat' dir='ltr'>ultimi</span> <span class='ocrx_word' id='word_1_520' title='bbox 966 3023 1164 3056; x_wconf 81' lang='lat' dir='ltr'>Incumbentis</span> <span class='ocrx_word' id='word_1_521' title='bbox 1184 3025 1292 3056; x_wconf 87' lang='lat' dir='ltr'>ibidem</span> 
     </span>
     <span class='ocr_line' id='line_1_66' title="bbox 231 3062 1291 3105; baseline -0.003 -8"><span class='ocrx_word' id='word_1_522' title='bbox 231 3068 291 3105; x_wconf 87' lang='lat' dir='ltr'>jam</span> <span class='ocrx_word' id='word_1_523' title='bbox 309 3074 474 3102; x_wconf 84' lang='lat' dir='ltr'>vacantem,</span> <span class='ocrx_word' id='word_1_524' title='bbox 493 3064 525 3094; x_wconf 88' lang='lat'>&amp;</span> <span class='ocrx_word' id='word_1_525' title='bbox 547 3064 581 3094; x_wconf 87' lang='lat' dir='ltr'>ad</span> <span class='ocrx_word' id='word_1_526' title='bbox 596 3063 722 3093; x_wconf 89' lang='lat' dir='ltr'>nostram</span> <span class='ocrx_word' id='word_1_527' title='bbox 737 3062 975 3093; x_wconf 79' lang='lat' dir='ltr'>Presentationem</span> <span class='ocrx_word' id='word_1_528' title='bbox 990 3063 1076 3101; x_wconf 88' lang='lat' dir='ltr'>pleno</span> <span class='ocrx_word' id='word_1_529' title='bbox 1087 3064 1150 3102; x_wconf 82' lang='lat' dir='ltr'>jure</span> <span class='ocrx_word' id='word_1_530' title='bbox 1166 3065 1291 3101; x_wconf 68' lang='lat' dir='ltr'>specstan-</span> 
     </span>
     <span class='ocr_line' id='line_1_67' title="bbox 234 3100 1293 3141; baseline -0.002 -6"><span class='ocrx_word' id='word_1_531' title='bbox 234 3114 305 3136; x_wconf 88' lang='lat' dir='ltr'>tem.</span> <span class='ocrx_word' id='word_1_532' title='bbox 342 3103 379 3134; x_wconf 92' lang='lat' dir='ltr'>Et</span> <span class='ocrx_word' id='word_1_533' title='bbox 395 3104 551 3141; x_wconf 85' lang='lat' dir='ltr'>diriguntur</span> <span class='ocrx_word' id='word_1_534' title='bbox 566 3103 600 3132; x_wconf 90' lang='lat' dir='ltr'>he</span> <span class='ocrx_word' id='word_1_535' title='bbox 618 3102 711 3133; x_wconf 89' lang='lat' dir='ltr'>Litere</span> <span class='ocrx_word' id='word_1_536' title='bbox 725 3100 896 3132; x_wconf 82' lang='lat' dir='ltr'>Reverendo</span> <span class='ocrx_word' id='word_1_537' title='bbox 910 3104 940 3132; x_wconf 90' lang='lat' dir='ltr'>in</span> <span class='ocrx_word' id='word_1_538' title='bbox 955 3100 1076 3133; x_wconf 87' lang='lat' dir='ltr'>Christo</span> <span class='ocrx_word' id='word_1_539' title='bbox 1092 3102 1167 3133; x_wconf 86' lang='lat' dir='ltr'>Patri</span> <span class='ocrx_word' id='word_1_540' title='bbox 1186 3102 1293 3133; x_wconf 83' lang='lat' dir='ltr'>Domi-</span> 
     </span>
     <span class='ocr_line' id='line_1_68' title="bbox 234 3140 716 3178; baseline -0.01 -4"><span class='ocrx_word' id='word_1_541' title='bbox 234 3154 275 3174; x_wconf 88' lang='lat' dir='ltr'>no</span> <span class='ocrx_word' id='word_1_542' title='bbox 288 3141 407 3173; x_wconf 78' lang='lat' dir='ltr'>samueli</span> <span class='ocrx_word' id='word_1_543' title='bbox 420 3141 547 3170; x_wconf 78' lang='lat' dir='ltr'>Norwic’</span> <span class='ocrx_word' id='word_1_544' title='bbox 562 3140 716 3178; x_wconf 86' lang='lat' dir='ltr'>Episcopo.</span> 
     </span>
    </p>

    <p class='ocr_par' dir='ltr' id='par_1_25' title="bbox 272 3177 1254 3220">
     <span class='ocr_line' id='line_1_69' title="bbox 272 3177 1254 3220; baseline -0.002 -9"><span class='ocrx_word' id='word_1_545' title='bbox 272 3182 362 3212; x_wconf 90' lang='lat' dir='ltr'>Teste</span> <span class='ocrx_word' id='word_1_546' title='bbox 377 3181 460 3220; x_wconf 83' lang='lat' dir='ltr'>Rege</span> <span class='ocrx_word' id='word_1_547' title='bbox 473 3180 546 3216; x_wconf 87' lang='lat' dir='ltr'>apud</span> <span class='ocrx_word' id='word_1_548' title='bbox 561 3179 715 3217; x_wconf 81' lang='lat' dir='ltr'>Readinge,</span> <span class='ocrx_word' id='word_1_549' title='bbox 731 3177 868 3208; x_wconf 79' lang='lat' dir='ltr'>vicesimo</span> <span class='ocrx_word' id='word_1_550' title='bbox 885 3186 985 3216; x_wconf 85' lang='lat' dir='ltr'>quarto</span> <span class='ocrx_word' id='word_1_551' title='bbox 1003 3178 1062 3210; x_wconf 90' lang='lat' dir='ltr'>Die</span> <span class='ocrx_word' id='word_1_552' title='bbox 1080 3179 1254 3209; x_wconf 79' lang='lat' dir='ltr'>Novembris.</span> 
     </span>
    </p>

    <p class='ocr_par' dir='ltr' id='par_1_26' title="bbox 241 3216 1304 3374">
     <span class='ocr_line' id='line_1_70' title="bbox 278 3216 1304 3254; baseline -0.001 -4"><span class='ocrx_word' id='word_1_553' title='bbox 278 3220 469 3251; x_wconf 62' lang='lat' dir='ltr'>Ronanus</span> <span class='ocrx_word' id='word_1_554' title='bbox 492 3218 676 3249; x_wconf 69' lang='lat' dir='ltr'>HARiusoN</span> <span class='ocrx_word' id='word_1_555' title='bbox 693 3241 703 3254; x_wconf 87' lang='lat'>,</span> <span class='ocrx_word' id='word_1_556' title='bbox 731 3216 877 3254; x_wconf 80' lang='lat' dir='ltr'>Clericus,</span> <span class='ocrx_word' id='word_1_557' title='bbox 899 3217 984 3247; x_wconf 87' lang='lat' dir='ltr'>habet</span> <span class='ocrx_word' id='word_1_558' title='bbox 1008 3218 1170 3247; x_wconf 79' lang='lat' dir='ltr'>consimiles</span> <span class='ocrx_word' id='word_1_559' title='bbox 1196 3218 1304 3249; x_wconf 85' lang='lat' dir='ltr'>Literas</span> 
     </span>
     <span class='ocr_line' id='line_1_71' title="bbox 243 3254 1297 3290; baseline -0.003 0"><span class='ocrx_word' id='word_1_560' title='bbox 243 3258 374 3290; x_wconf 75' lang='lat' dir='ltr'>patentes</span> <span class='ocrx_word' id='word_1_561' title='bbox 397 3258 431 3289; x_wconf 90' lang='lat' dir='ltr'>de</span> <span class='ocrx_word' id='word_1_562' title='bbox 453 3257 661 3287; x_wconf 88' lang='lat' dir='ltr'>presentatione</span> <span class='ocrx_word' id='word_1_563' title='bbox 681 3256 714 3285; x_wconf 87' lang='lat' dir='ltr'>ad</span> <span class='ocrx_word' id='word_1_564' title='bbox 739 3255 908 3285; x_wconf 59' lang='lat' dir='ltr'>Rastoriam</span> <span class='ocrx_word' id='word_1_565' title='bbox 928 3255 964 3286; x_wconf 91' lang='lat' dir='ltr'>de</span> <span class='ocrx_word' id='word_1_566' title='bbox 985 3254 1097 3285; x_wconf 77' lang='lat' dir='ltr'>clowne</span> <span class='ocrx_word' id='word_1_567' title='bbox 1113 3255 1231 3287; x_wconf 89' lang='lat' dir='ltr'>Dioces‘</span> <span class='ocrx_word' id='word_1_568' title='bbox 1247 3262 1297 3287; x_wconf 87' lang='lat' dir='ltr'>Co-</span> 
     </span>
     <span class='ocr_line' id='line_1_72' title="bbox 244 3294 1301 3336; baseline -0.003 -9"><span class='ocrx_word' id='word_1_569' title='bbox 244 3297 310 3327; x_wconf 76' lang='lat' dir='ltr'>ven’</span> <span class='ocrx_word' id='word_1_570' title='bbox 332 3297 364 3326; x_wconf 67' lang='grc' dir='ltr'>ὅ(</span> <span class='ocrx_word' id='word_1_571' title='bbox 379 3295 491 3326; x_wconf 72' lang='lat' dir='ltr'>Lichen&#39;</span> <span class='ocrx_word' id='word_1_572' title='bbox 502 3297 562 3334; x_wconf 91' lang='lat' dir='ltr'>jam</span> <span class='ocrx_word' id='word_1_573' title='bbox 580 3294 704 3333; x_wconf 84' lang='lat' dir='ltr'>legitime</span> <span class='ocrx_word' id='word_1_574' title='bbox 720 3294 753 3324; x_wconf 89' lang='lat'>&amp;</span> <span class='ocrx_word' id='word_1_575' title='bbox 769 3295 804 3324; x_wconf 88' lang='lat' dir='ltr'>de</span> <span class='ocrx_word' id='word_1_576' title='bbox 815 3294 876 3331; x_wconf 88' lang='lat' dir='ltr'>jure</span> <span class='ocrx_word' id='word_1_577' title='bbox 892 3301 1059 3336; x_wconf 66' lang='lat' dir='ltr'>vacantem,</span> <span class='ocrx_word' id='word_1_578' title='bbox 1078 3295 1111 3324; x_wconf 85' lang='lat'>&amp;</span> <span class='ocrx_word' id='word_1_579' title='bbox 1127 3294 1160 3323; x_wconf 89' lang='lat' dir='ltr'>ad</span> <span class='ocrx_word' id='word_1_580' title='bbox 1175 3295 1301 3325; x_wconf 87' lang='lat' dir='ltr'>nostram</span> 
     </span>
     <span class='ocr_line' id='line_1_73' title="bbox 241 3332 1304 3374; baseline -0.003 -8"><span class='ocrx_word' id='word_1_581' title='bbox 241 3332 490 3366; x_wconf 67' lang='lat' dir='ltr'>presentationem</span> <span class='ocrx_word' id='word_1_582' title='bbox 514 3335 598 3374; x_wconf 92' lang='lat' dir='ltr'>pleno</span> <span class='ocrx_word' id='word_1_583' title='bbox 614 3334 677 3371; x_wconf 85' lang='lat' dir='ltr'>jure</span> <span class='ocrx_word' id='word_1_584' title='bbox 703 3332 748 3362; x_wconf 90' lang='lat' dir='ltr'>vel</span> <span class='ocrx_word' id='word_1_585' title='bbox 770 3333 866 3368; x_wconf 81' lang='lat' dir='ltr'>aliquo</span> <span class='ocrx_word' id='word_1_586' title='bbox 881 3332 937 3361; x_wconf 91' lang='lat' dir='ltr'>alio</span> <span class='ocrx_word' id='word_1_587' title='bbox 949 3342 1122 3370; x_wconf 88' lang='lat' dir='ltr'>quocunque</span> <span class='ocrx_word' id='word_1_588' title='bbox 1139 3334 1231 3364; x_wconf 91' lang='lat' dir='ltr'>modo</span> <span class='ocrx_word' id='word_1_589' title='bbox 1245 3334 1304 3371; x_wconf 89' lang='lat' dir='ltr'>spe-</span> 
     </span>
    </p>

    <p class='ocr_par' dir='ltr' id='par_1_27' title="bbox 246 3370 1305 3490">
     <span class='ocr_line' id='line_1_74' title="bbox 246 3370 1305 3412; baseline -0.002 -8"><span class='ocrx_word' id='word_1_590' title='bbox 246 3374 381 3405; x_wconf 56' lang='lat' dir='ltr'>stantem.</span> <span class='ocrx_word' id='word_1_591' title='bbox 400 3373 435 3403; x_wconf 85' lang='lat' dir='ltr'>Et</span> <span class='ocrx_word' id='word_1_592' title='bbox 453 3374 609 3412; x_wconf 85' lang='lat' dir='ltr'>diriguntur</span> <span class='ocrx_word' id='word_1_593' title='bbox 620 3373 655 3402; x_wconf 90' lang='lat' dir='ltr'>he</span> <span class='ocrx_word' id='word_1_594' title='bbox 673 3371 772 3401; x_wconf 67' lang='lat' dir='ltr'>Litere.</span> <span class='ocrx_word' id='word_1_595' title='bbox 785 3370 957 3409; x_wconf 85' lang='lat' dir='ltr'>Reverendo</span> <span class='ocrx_word' id='word_1_596' title='bbox 970 3372 1000 3400; x_wconf 91' lang='lat' dir='ltr'>in</span> <span class='ocrx_word' id='word_1_597' title='bbox 1013 3370 1132 3401; x_wconf 90' lang='lat' dir='ltr'>Christo</span> <span class='ocrx_word' id='word_1_598' title='bbox 1148 3370 1224 3402; x_wconf 90' lang='lat' dir='ltr'>Patri</span> <span class='ocrx_word' id='word_1_599' title='bbox 1239 3371 1305 3402; x_wconf 91' lang='lat' dir='ltr'>Do-</span> 
     </span>
     <span class='ocr_line' id='line_1_75' title="bbox 248 3408 909 3446; baseline -0.005 -5"><span class='ocrx_word' id='word_1_600' title='bbox 248 3414 329 3443; x_wconf 76' lang='lat' dir='ltr'>mino</span> <span class='ocrx_word' id='word_1_601' title='bbox 344 3411 440 3441; x_wconf 72' lang='lat' dir='ltr'>Thome</span> <span class='ocrx_word' id='word_1_602' title='bbox 459 3411 562 3441; x_wconf 80' lang='lat' dir='ltr'>coven&#39;</span> <span class='ocrx_word' id='word_1_603' title='bbox 577 3412 609 3441; x_wconf 70' lang='grc' dir='ltr'>ὃς</span> <span class='ocrx_word' id='word_1_604' title='bbox 625 3409 738 3440; x_wconf 85' lang='lat' dir='ltr'>Lichen’</span> <span class='ocrx_word' id='word_1_605' title='bbox 754 3408 909 3446; x_wconf 85' lang='lat' dir='ltr'>Episcopo.</span> 
     </span>
     <span class='ocr_line' id='line_1_76' title="bbox 286 3445 1263 3490; baseline -0.002 -8"><span class='ocrx_word' id='word_1_606' title='bbox 286 3450 376 3483; x_wconf 87' lang='lat' dir='ltr'>Teste</span> <span class='ocrx_word' id='word_1_607' title='bbox 392 3450 474 3490; x_wconf 86' lang='lat' dir='ltr'>Rege</span> <span class='ocrx_word' id='word_1_608' title='bbox 490 3450 564 3488; x_wconf 90' lang='lat' dir='ltr'>apud</span> <span class='ocrx_word' id='word_1_609' title='bbox 581 3449 723 3487; x_wconf 73' lang='lat' dir='ltr'>Reuding,</span> <span class='ocrx_word' id='word_1_610' title='bbox 742 3447 879 3479; x_wconf 85' lang='lat' dir='ltr'>vicesimo</span> <span class='ocrx_word' id='word_1_611' title='bbox 897 3455 996 3488; x_wconf 81' lang='lat' dir='ltr'>quarto</span> <span class='ocrx_word' id='word_1_612' title='bbox 1011 3445 1070 3478; x_wconf 89' lang='lat' dir='ltr'>Die</span> <span class='ocrx_word' id='word_1_613' title='bbox 1087 3448 1263 3480; x_wconf 62' lang='lat' dir='ltr'>Novembris.</span> 
     </span>
    </p>
   </div>
   <div class='ocr_carea' id='block_1_12' title="bbox 248 3523 1308 3797">
    <p class='ocr_par' dir='ltr' id='par_1_28' title="bbox 248 3523 1308 3750">
     <span class='ocr_line' id='line_1_77' title="bbox 284 3523 1308 3568; baseline -0.001 -9"><span class='ocrx_word' id='word_1_614' title='bbox 284 3527 464 3567; x_wconf 74' lang='lat' dir='ltr'>JOHANNES</span> <span class='ocrx_word' id='word_1_615' title='bbox 485 3528 702 3563; x_wconf 66' lang='lat' dir='ltr'>Senotvicxn,</span> <span class='ocrx_word' id='word_1_616' title='bbox 721 3524 869 3561; x_wconf 83' lang='lat' dir='ltr'>Clericus,</span> <span class='ocrx_word' id='word_1_617' title='bbox 882 3525 917 3568; x_wconf 33' lang='lat' dir='ltr'>‚in</span> <span class='ocrx_word' id='word_1_618' title='bbox 939 3523 1054 3567; x_wconf 78' lang='lat' dir='ltr'>Artibus</span> <span class='ocrx_word' id='word_1_619' title='bbox 1071 3523 1207 3563; x_wconf 86' lang='lat' dir='ltr'>Magister</span> <span class='ocrx_word' id='word_1_620' title='bbox 1221 3526 1308 3558; x_wconf 88' lang='lat' dir='ltr'>habet</span> 
     </span>
     <span class='ocr_line' id='line_1_78' title="bbox 250 3562 1307 3602; baseline -0.003 -4"><span class='ocrx_word' id='word_1_621' title='bbox 250 3567 407 3598; x_wconf 79' lang='lat' dir='ltr'>conlimiles</span> <span class='ocrx_word' id='word_1_622' title='bbox 421 3567 524 3598; x_wconf 89' lang='lat' dir='ltr'>Literas</span> <span class='ocrx_word' id='word_1_623' title='bbox 541 3568 670 3597; x_wconf 79' lang='lat' dir='ltr'>Parentes</span> <span class='ocrx_word' id='word_1_624' title='bbox 686 3566 722 3595; x_wconf 93' lang='lat' dir='ltr'>de</span> <span class='ocrx_word' id='word_1_625' title='bbox 737 3563 946 3594; x_wconf 87' lang='lat' dir='ltr'>presentatione</span> <span class='ocrx_word' id='word_1_626' title='bbox 957 3562 992 3592; x_wconf 93' lang='lat' dir='ltr'>ad</span> <span class='ocrx_word' id='word_1_627' title='bbox 1001 3563 1139 3593; x_wconf 89' lang='lat' dir='ltr'>Vicariam</span> <span class='ocrx_word' id='word_1_628' title='bbox 1157 3564 1193 3594; x_wconf 91' lang='lat' dir='ltr'>de</span> <span class='ocrx_word' id='word_1_629' title='bbox 1206 3565 1307 3602; x_wconf 58' lang='lat' dir='ltr'>Bellei-</span> 
     </span>
     <span class='ocr_line' id='line_1_79' title="bbox 248 3601 1306 3644; baseline 0 -11"><span class='ocrx_word' id='word_1_630' title='bbox 248 3606 299 3642; x_wconf 74' lang='lat' dir='ltr'>ghe</span> <span class='ocrx_word' id='word_1_631' title='bbox 315 3604 583 3644; x_wconf 84' lang='lat' dir='ltr'>Dioces&#39;Gloucestr’</span> <span class='ocrx_word' id='word_1_632' title='bbox 595 3607 653 3643; x_wconf 84' lang='lat' dir='ltr'>jam</span> <span class='ocrx_word' id='word_1_633' title='bbox 669 3604 792 3642; x_wconf 84' lang='lat' dir='ltr'>legitime</span> <span class='ocrx_word' id='word_1_634' title='bbox 806 3603 839 3633; x_wconf 72' lang='grc' dir='ltr'>δε</span> <span class='ocrx_word' id='word_1_635' title='bbox 855 3601 892 3632; x_wconf 89' lang='lat' dir='ltr'>de</span> <span class='ocrx_word' id='word_1_636' title='bbox 902 3602 964 3639; x_wconf 86' lang='lat' dir='ltr'>jure</span> <span class='ocrx_word' id='word_1_637' title='bbox 976 3610 1138 3644; x_wconf 78' lang='lat' dir='ltr'>vacantem,</span> <span class='ocrx_word' id='word_1_638' title='bbox 1154 3602 1187 3632; x_wconf 72' lang='grc' dir='ltr'>ὃ(</span> <span class='ocrx_word' id='word_1_639' title='bbox 1204 3603 1238 3632; x_wconf 91' lang='lat' dir='ltr'>ad</span> <span class='ocrx_word' id='word_1_640' title='bbox 1253 3614 1306 3633; x_wconf 88' lang='lat' dir='ltr'>no-</span> 
     </span>
     <span class='ocr_line' id='line_1_80' title="bbox 251 3638 1304 3680; baseline -0.004 -6"><span class='ocrx_word' id='word_1_641' title='bbox 251 3644 336 3674; x_wconf 84' lang='lat' dir='ltr'>stram</span> <span class='ocrx_word' id='word_1_642' title='bbox 351 3643 589 3674; x_wconf 80' lang='lat' dir='ltr'>presentationem</span> <span class='ocrx_word' id='word_1_643' title='bbox 602 3643 688 3679; x_wconf 85' lang='lat' dir='ltr'>pleno</span> <span class='ocrx_word' id='word_1_644' title='bbox 702 3645 760 3680; x_wconf 85' lang='lat' dir='ltr'>jure</span> <span class='ocrx_word' id='word_1_645' title='bbox 772 3641 951 3678; x_wconf 63' lang='lat' dir='ltr'>spe6hntem.</span> <span class='ocrx_word' id='word_1_646' title='bbox 972 3638 1010 3669; x_wconf 90' lang='lat' dir='ltr'>Et</span> <span class='ocrx_word' id='word_1_647' title='bbox 1027 3639 1187 3678; x_wconf 87' lang='lat' dir='ltr'>diriguntur</span> <span class='ocrx_word' id='word_1_648' title='bbox 1201 3641 1238 3672; x_wconf 92' lang='lat' dir='ltr'>he</span> <span class='ocrx_word' id='word_1_649' title='bbox 1255 3641 1304 3671; x_wconf 88' lang='lat' dir='ltr'>Li-</span> 
     </span>
     <span class='ocr_line' id='line_1_81' title="bbox 248 3676 1304 3750; baseline -0.002 -38"><span class='ocrx_word' id='word_1_650' title='bbox 248 3690 321 3750; x_wconf 51' lang='lat' dir='ltr'>¹{Zetes</span> <span class='ocrx_word' id='word_1_651' title='bbox 334 3682 506 3712; x_wconf 87' lang='lat' dir='ltr'>Reverendo</span> <span class='ocrx_word' id='word_1_652' title='bbox 524 3683 554 3711; x_wconf 90' lang='lat' dir='ltr'>in</span> <span class='ocrx_word' id='word_1_653' title='bbox 575 3681 696 3712; x_wconf 86' lang='lat' dir='ltr'>Christo</span> <span class='ocrx_word' id='word_1_654' title='bbox 718 3680 795 3711; x_wconf 89' lang='lat' dir='ltr'>Patri</span> <span class='ocrx_word' id='word_1_655' title='bbox 815 3679 952 3710; x_wconf 91' lang='lat' dir='ltr'>Domino</span> <span class='ocrx_word' id='word_1_656' title='bbox 972 3676 1106 3718; x_wconf 66' lang='lat' dir='ltr'>Gooffrido</span> <span class='ocrx_word' id='word_1_657' title='bbox 1125 3677 1304 3718; x_wconf 76' lang='lat' dir='ltr'>Gloucestren’</span> 
     </span>
    </p>

    <p class='ocr_par' dir='ltr' id='par_1_29' title="bbox 279 3729 1251 3797">
     <span class='ocr_line' id='line_1_82' title="bbox 297 3730 403 3750; baseline 0.009 -2"><span class='ocrx_word' id='word_1_658' title='bbox 297 3730 352 3750; x_wconf 92' lang='lat' dir='ltr'>ico</span> <span class='ocrx_word' id='word_1_659' title='bbox 375 3730 403 3749; x_wconf 92' lang='lat' dir='ltr'>o.</span> 
     </span>
     <span class='ocr_line' id='line_1_83' title="bbox 279 3729 1251 3797; baseline -0.004 -7"><span class='ocrx_word' id='word_1_660' title='bbox 279 3729 376 3788; x_wconf 50' lang='grc' dir='ltr'>ἓΤείὶιιζ</span> <span class='ocrx_word' id='word_1_661' title='bbox 392 3757 472 3797; x_wconf 84' lang='lat' dir='ltr'>Rege</span> <span class='ocrx_word' id='word_1_662' title='bbox 484 3759 557 3797; x_wconf 83' lang='lat' dir='ltr'>apud</span> <span class='ocrx_word' id='word_1_663' title='bbox 571 3758 710 3796; x_wconf 56' lang='lat' dir='ltr'>leading,</span> <span class='ocrx_word' id='word_1_664' title='bbox 726 3756 862 3789; x_wconf 87' lang='lat' dir='ltr'>vicesimo</span> <span class='ocrx_word' id='word_1_665' title='bbox 875 3756 982 3787; x_wconf 60' lang='lat' dir='ltr'>offitavo</span> <span class='ocrx_word' id='word_1_666' title='bbox 1000 3753 1060 3785; x_wconf 89' lang='lat' dir='ltr'>Die</span> <span class='ocrx_word' id='word_1_667' title='bbox 1075 3755 1251 3786; x_wconf 78' lang='lat' dir='ltr'>Novembris.</span> 
     </span>
    </p>
   </div>
   <div class='ocr_carea' id='block_1_13' title="bbox 250 3831 1304 3988">
    <p class='ocr_par' dir='ltr' id='par_1_30' title="bbox 250 3831 1304 3988">
     <span class='ocr_line' id='line_1_84' title="bbox 290 3831 1304 3874; baseline 0 -9"><span class='ocrx_word' id='word_1_668' title='bbox 290 3833 482 3865; x_wconf 72' lang='lat' dir='ltr'>EDMUNDth</span> <span class='ocrx_word' id='word_1_669' title='bbox 503 3834 760 3871; x_wconf 76' lang='lat' dir='ltr'>MAPLETOFTE,</span> <span class='ocrx_word' id='word_1_670' title='bbox 788 3834 934 3870; x_wconf 82' lang='lat' dir='ltr'>Clericus,</span> <span class='ocrx_word' id='word_1_671' title='bbox 958 3833 989 3862; x_wconf 90' lang='lat' dir='ltr'>in</span> <span class='ocrx_word' id='word_1_672' title='bbox 1012 3831 1129 3862; x_wconf 87' lang='lat' dir='ltr'>Artibus</span> <span class='ocrx_word' id='word_1_673' title='bbox 1151 3831 1304 3874; x_wconf 87' lang='lat' dir='ltr'>Magister,</span> 
     </span>
     <span class='ocr_line' id='line_1_85' title="bbox 251 3869 1303 3905; baseline 0 -3"><span class='ocrx_word' id='word_1_674' title='bbox 251 3873 337 3905; x_wconf 82' lang='lat' dir='ltr'>habet</span> <span class='ocrx_word' id='word_1_675' title='bbox 353 3872 514 3902; x_wconf 73' lang='lat' dir='ltr'>consimiles</span> <span class='ocrx_word' id='word_1_676' title='bbox 526 3872 631 3903; x_wconf 88' lang='lat' dir='ltr'>Literas</span> <span class='ocrx_word' id='word_1_677' title='bbox 646 3874 774 3904; x_wconf 88' lang='lat' dir='ltr'>Patentes</span> <span class='ocrx_word' id='word_1_678' title='bbox 791 3873 828 3902; x_wconf 92' lang='lat' dir='ltr'>de</span> <span class='ocrx_word' id='word_1_679' title='bbox 841 3871 1049 3903; x_wconf 83' lang='lat' dir='ltr'>presentatione</span> <span class='ocrx_word' id='word_1_680' title='bbox 1063 3870 1095 3899; x_wconf 89' lang='lat' dir='ltr'>ad</span> <span class='ocrx_word' id='word_1_681' title='bbox 1111 3869 1251 3902; x_wconf 89' lang='lat' dir='ltr'>Vicariam</span> <span class='ocrx_word' id='word_1_682' title='bbox 1266 3873 1303 3904; x_wconf 90' lang='lat' dir='ltr'>de</span> 
     </span>
     <span class='ocr_line' id='line_1_86' title="bbox 251 3907 1303 3950; baseline -0.001 -9"><span class='ocrx_word' id='word_1_683' title='bbox 251 3910 431 3950; x_wconf 83' lang='lat' dir='ltr'>Ffaltenham</span> <span class='ocrx_word' id='word_1_684' title='bbox 455 3910 571 3940; x_wconf 84' lang='lat' dir='ltr'>Dioces&#39;</span> <span class='ocrx_word' id='word_1_685' title='bbox 595 3910 753 3941; x_wconf 81' lang='lat' dir='ltr'>Norwicen&#39;</span> <span class='ocrx_word' id='word_1_686' title='bbox 775 3921 825 3948; x_wconf 89' lang='lat' dir='ltr'>pei·</span> <span class='ocrx_word' id='word_1_687' title='bbox 846 3911 979 3941; x_wconf 87' lang='lat' dir='ltr'>Mortem</span> <span class='ocrx_word' id='word_1_688' title='bbox 1002 3909 1092 3939; x_wconf 82' lang='lat' dir='ltr'>ultimi</span> <span class='ocrx_word' id='word_1_689' title='bbox 1108 3907 1303 3942; x_wconf 89' lang='lat' dir='ltr'>Incumbentis</span> 
     </span>
     <span class='ocr_line' id='line_1_87' title="bbox 250 3947 1300 3988; baseline 0 -6"><span class='ocrx_word' id='word_1_690' title='bbox 250 3950 360 3982; x_wconf 88' lang='lat' dir='ltr'>ibidem</span> <span class='ocrx_word' id='word_1_691' title='bbox 376 3950 436 3988; x_wconf 85' lang='lat' dir='ltr'>jam</span> <span class='ocrx_word' id='word_1_692' title='bbox 455 3955 621 3987; x_wconf 74' lang='lat' dir='ltr'>vacantem,</span> <span class='ocrx_word' id='word_1_693' title='bbox 640 3950 674 3981; x_wconf 88' lang='lat'>&amp;</span> <span class='ocrx_word' id='word_1_694' title='bbox 695 3949 729 3981; x_wconf 89' lang='lat' dir='ltr'>ad</span> <span class='ocrx_word' id='word_1_695' title='bbox 745 3948 869 3980; x_wconf 85' lang='lat' dir='ltr'>nostram</span> <span class='ocrx_word' id='word_1_696' title='bbox 884 3947 1125 3980; x_wconf 85' lang='lat' dir='ltr'>presentationem</span> <span class='ocrx_word' id='word_1_697' title='bbox 1139 3947 1227 3987; x_wconf 86' lang='lat' dir='ltr'>pleno</span> <span class='ocrx_word' id='word_1_698' title='bbox 1237 3950 1300 3988; x_wconf 87' lang='lat' dir='ltr'>jure</span> 
     </span>
    </p>
   </div>
   <div class='ocr_carea' id='block_1_14' title="bbox 1328 38 2536 168">
    <p class='ocr_par' dir='ltr' id='par_1_31' title="bbox 1328 38 2536 168">
     <span class='ocr_line' id='line_1_88' title="bbox 1328 38 1915 89; baseline 0.015 -9"><span class='ocrx_word' id='word_1_699' title='bbox 1328 38 1362 80; x_wconf 89' lang='lat' dir='ltr'>E</span> <span class='ocrx_word' id='word_1_700' title='bbox 1392 39 1440 87; x_wconf 83' lang='lat' dir='ltr'>S,</span> <span class='ocrx_word' id='word_1_701' title='bbox 1523 39 1561 81; x_wconf 87' lang='lat' dir='ltr'>L</span> <span class='ocrx_word' id='word_1_702' title='bbox 1588 42 1608 84; x_wconf 95' lang='lat' dir='ltr'>I</span> <span class='ocrx_word' id='word_1_703' title='bbox 1634 39 1675 83; x_wconf 91' lang='lat' dir='ltr'><strong>T</strong></span> <span class='ocrx_word' id='word_1_704' title='bbox 1702 41 1736 83; x_wconf 85' lang='lat' dir='ltr'>E</span> <span class='ocrx_word' id='word_1_705' title='bbox 1763 40 1806 84; x_wconf 90' lang='lat' dir='ltr'>R</span> <span class='ocrx_word' id='word_1_706' title='bbox 1835 40 1915 89; x_wconf 72' lang='lat' dir='ltr'>AE2</span> 
     </span>
     <span class='ocr_line' id='line_1_89' title="bbox 1333 124 2536 168; baseline 0.007 -11"><span class='ocrx_word' id='word_1_707' title='bbox 1333 125 1518 165; x_wconf 64' lang='lat' dir='ltr'>spectantem.</span> <span class='ocrx_word' id='word_1_708' title='bbox 1552 127 1591 159; x_wconf 90' lang='lat' dir='ltr'>Et</span> <span class='ocrx_word' id='word_1_709' title='bbox 1606 128 1765 168; x_wconf 85' lang='lat' dir='ltr'>diriguntur</span> <span class='ocrx_word' id='word_1_710' title='bbox 1783 128 1820 159; x_wconf 91' lang='lat' dir='ltr'>he</span> <span class='ocrx_word' id='word_1_711' title='bbox 1835 126 1932 158; x_wconf 92' lang='lat' dir='ltr'>Litere</span> <span class='ocrx_word' id='word_1_712' title='bbox 1947 124 2122 159; x_wconf 86' lang='lat' dir='ltr'>Reverendo</span> <span class='ocrx_word' id='word_1_713' title='bbox 2136 129 2167 160; x_wconf 88' lang='lat' dir='ltr'>in</span> <span class='ocrx_word' id='word_1_714' title='bbox 2180 128 2301 163; x_wconf 82' lang='lat' dir='ltr'>Christo</span> <span class='ocrx_word' id='word_1_715' title='bbox 2314 131 2393 164; x_wconf 84' lang='lat' dir='ltr'>Patri</span> <span class='ocrx_word' id='word_1_716' title='bbox 2410 127 2484 162; x_wconf 78' lang='lat' dir='ltr'>Anu.</span> <span class='ocrx_word' id='word_1_717' title='bbox 2497 130 2536 166; x_wconf 88' lang='lat' dir='ltr'>D.</span> 
     </span>
    </p>
   </div>
   <div class='ocr_carea' id='block_1_15' title="bbox 1330 165 2521 275">
    <p class='ocr_par' dir='ltr' id='par_1_32' title="bbox 1330 165 2521 275">
     <span class='ocr_line' id='line_1_90' title="bbox 1330 165 2521 212; baseline 0.003 -16"><span class='ocrx_word' id='word_1_718' title='bbox 1330 165 1469 196; x_wconf 90' lang='lat' dir='ltr'>Domino</span> <span class='ocrx_word' id='word_1_719' title='bbox 1486 166 1605 196; x_wconf 83' lang='lat' dir='ltr'>Samueli</span> <span class='ocrx_word' id='word_1_720' title='bbox 1618 167 1776 197; x_wconf 79' lang='lat' dir='ltr'>Norwicen’</span> <span class='ocrx_word' id='word_1_721' title='bbox 1791 166 1945 212; x_wconf 85' lang='lat' dir='ltr'>Episcopo.</span> <span class='ocrx_word' id='word_1_722' title='bbox 2025 205 2030 210; x_wconf 35' lang='grc'>1</span> <span class='ocrx_word' id='word_1_723' title='bbox 2434 170 2521 211; x_wconf 70' lang='lat'>1625,</span> 
     </span>
     <span class='ocr_line' id='line_1_91' title="bbox 1331 203 2506 275; baseline 0.005 -41"><span class='ocrx_word' id='word_1_724' title='bbox 1331 203 1460 274; x_wconf 48' lang='grc' dir='ltr'>Μῇῗῗῗ</span> <span class='ocrx_word' id='word_1_725' title='bbox 1485 203 1572 246; x_wconf 86' lang='lat' dir='ltr'>Rege</span> <span class='ocrx_word' id='word_1_726' title='bbox 1586 207 1660 243; x_wconf 85' lang='lat' dir='ltr'>apud</span> <span class='ocrx_word' id='word_1_727' title='bbox 1677 205 1954 245; x_wconf 71' lang='lat' dir='ltr'>Westmonasterium,</span> <span class='ocrx_word' id='word_1_728' title='bbox 1971 203 2086 236; x_wconf 88' lang='lat' dir='ltr'>decimo</span> <span class='ocrx_word' id='word_1_729' title='bbox 2111 205 2229 244; x_wconf 87' lang='lat' dir='ltr'>septimo</span> <span class='ocrx_word' id='word_1_730' title='bbox 2251 208 2311 241; x_wconf 89' lang='lat' dir='ltr'>Die</span> <span class='ocrx_word' id='word_1_731' title='bbox 2333 212 2388 240; x_wconf 80' lang='lat' dir='ltr'>De·</span> <span class='ocrx_word' id='word_1_732' title='bbox 2405 211 2470 275; x_wconf 41' lang='lat' dir='ltr'>gr..</span> <span class='ocrx_word' id='word_1_733' title='bbox 2481 220 2506 275; x_wconf 51' lang='grc' dir='ltr'>ξ.</span> 
     </span>
    </p>
   </div>
   <div class='ocr_carea' id='block_1_16' title="bbox 1329 318 2395 594">
    <p class='ocr_par' dir='ltr' id='par_1_33' title="bbox 1329 318 2395 554">
     <span class='ocr_line' id='line_1_92' title="bbox 1365 318 2393 361; baseline 0.007 -12"><span class='ocrx_word' id='word_1_734' title='bbox 1365 318 1546 356; x_wconf 68' lang='grc' dir='ltr'>]οΗΑΝΝες</span> <span class='ocrx_word' id='word_1_735' title='bbox 1564 319 1698 360; x_wconf 73' lang='grc' dir='ltr'>Πεγος,</span> <span class='ocrx_word' id='word_1_736' title='bbox 1717 319 1857 358; x_wconf 81' lang='lat' dir='ltr'>Clericus,</span> <span class='ocrx_word' id='word_1_737' title='bbox 1871 320 1900 350; x_wconf 90' lang='lat' dir='ltr'>in</span> <span class='ocrx_word' id='word_1_738' title='bbox 1915 319 2030 351; x_wconf 88' lang='lat' dir='ltr'>Artibus</span> <span class='ocrx_word' id='word_1_739' title='bbox 2045 319 2184 361; x_wconf 77' lang='lat' dir='ltr'>Magister</span> <span class='ocrx_word' id='word_1_740' title='bbox 2198 323 2282 355; x_wconf 89' lang='lat' dir='ltr'>habet</span> <span class='ocrx_word' id='word_1_741' title='bbox 2299 324 2393 356; x_wconf 85' lang='lat' dir='ltr'>consi-</span> 
     </span>
     <span class='ocr_line' id='line_1_93' title="bbox 1333 357 2395 394; baseline 0.007 -7"><span class='ocrx_word' id='word_1_742' title='bbox 1333 357 1414 388; x_wconf 89' lang='lat' dir='ltr'>miles</span> <span class='ocrx_word' id='word_1_743' title='bbox 1435 358 1539 388; x_wconf 89' lang='lat' dir='ltr'>Literas</span> <span class='ocrx_word' id='word_1_744' title='bbox 1563 358 1693 391; x_wconf 86' lang='lat' dir='ltr'>patentes</span> <span class='ocrx_word' id='word_1_745' title='bbox 1717 360 1753 390; x_wconf 92' lang='lat' dir='ltr'>de</span> <span class='ocrx_word' id='word_1_746' title='bbox 1767 358 1974 391; x_wconf 86' lang='lat' dir='ltr'>Presentatione</span> <span class='ocrx_word' id='word_1_747' title='bbox 1990 362 2025 390; x_wconf 90' lang='lat' dir='ltr'>ad</span> <span class='ocrx_word' id='word_1_748' title='bbox 2042 359 2210 391; x_wconf 63' lang='lat' dir='ltr'>Rectoriam</span> <span class='ocrx_word' id='word_1_749' title='bbox 2225 362 2260 391; x_wconf 90' lang='lat' dir='ltr'>de</span> <span class='ocrx_word' id='word_1_750' title='bbox 2274 363 2395 394; x_wconf 82' lang='lat' dir='ltr'>Tolland</span> 
     </span>
     <span class='ocr_line' id='line_1_94' title="bbox 1333 395 2390 440; baseline 0.007 -14"><span class='ocrx_word' id='word_1_751' title='bbox 1333 395 1452 440; x_wconf 82' lang='lat' dir='ltr'>Dioces’</span> <span class='ocrx_word' id='word_1_752' title='bbox 1471 396 1593 428; x_wconf 82' lang='lat' dir='ltr'>Bathan&#39;</span> <span class='ocrx_word' id='word_1_753' title='bbox 1606 399 1640 429; x_wconf 92' lang='lat'>&amp;</span> <span class='ocrx_word' id='word_1_754' title='bbox 1661 397 1774 429; x_wconf 75' lang='lat' dir='ltr'>Wllen’</span> <span class='ocrx_word' id='word_1_755' title='bbox 1790 407 1838 434; x_wconf 89' lang='lat' dir='ltr'>per</span> <span class='ocrx_word' id='word_1_756' title='bbox 1855 396 2092 438; x_wconf 86' lang='lat' dir='ltr'>Resignationem</span> <span class='ocrx_word' id='word_1_757' title='bbox 2108 399 2200 430; x_wconf 90' lang='lat' dir='ltr'>ultimi</span> <span class='ocrx_word' id='word_1_758' title='bbox 2215 398 2390 433; x_wconf 89' lang='lat' dir='ltr'>Incumben-</span> 
     </span>
     <span class='ocr_line' id='line_1_95' title="bbox 1331 436 2391 478; baseline 0.006 -14"><span class='ocrx_word' id='word_1_759' title='bbox 1331 443 1363 478; x_wconf 74' lang='lat' dir='ltr'>tis</span> <span class='ocrx_word' id='word_1_760' title='bbox 1385 436 1494 466; x_wconf 88' lang='lat' dir='ltr'>ibidem</span> <span class='ocrx_word' id='word_1_761' title='bbox 1518 436 1573 473; x_wconf 88' lang='lat' dir='ltr'>jam</span> <span class='ocrx_word' id='word_1_762' title='bbox 1597 445 1770 473; x_wconf 84' lang='lat' dir='ltr'>vacantem,</span> <span class='ocrx_word' id='word_1_763' title='bbox 1787 437 1820 466; x_wconf 90' lang='lat'>&amp;</span> <span class='ocrx_word' id='word_1_764' title='bbox 1842 436 1875 465; x_wconf 83' lang='lat' dir='ltr'>ad</span> <span class='ocrx_word' id='word_1_765' title='bbox 1899 436 2022 467; x_wconf 88' lang='lat' dir='ltr'>nostram</span> <span class='ocrx_word' id='word_1_766' title='bbox 2043 437 2286 469; x_wconf 88' lang='lat' dir='ltr'>presentationem</span> <span class='ocrx_word' id='word_1_767' title='bbox 2303 440 2391 477; x_wconf 86' lang='lat' dir='ltr'>pleno</span> 
     </span>
     <span class='ocr_line' id='line_1_96' title="bbox 1329 474 2390 512; baseline 0.006 -9"><span class='ocrx_word' id='word_1_768' title='bbox 1329 483 1389 511; x_wconf 84' lang='lat' dir='ltr'>Jure</span> <span class='ocrx_word' id='word_1_769' title='bbox 1411 474 1596 512; x_wconf 54' lang='lat' dir='ltr'>spediantem.</span> <span class='ocrx_word' id='word_1_770' title='bbox 1633 475 1671 506; x_wconf 92' lang='lat' dir='ltr'>Et</span> <span class='ocrx_word' id='word_1_771' title='bbox 1695 475 1854 511; x_wconf 82' lang='lat' dir='ltr'>diriguntur</span> <span class='ocrx_word' id='word_1_772' title='bbox 1877 474 1912 504; x_wconf 91' lang='lat' dir='ltr'>he</span> <span class='ocrx_word' id='word_1_773' title='bbox 1936 475 2031 507; x_wconf 89' lang='lat' dir='ltr'>Litere</span> <span class='ocrx_word' id='word_1_774' title='bbox 2053 476 2148 508; x_wconf 87' lang='lat' dir='ltr'>nostre</span> <span class='ocrx_word' id='word_1_775' title='bbox 2171 476 2345 508; x_wconf 78' lang='lat' dir='ltr'>Reverendo</span> <span class='ocrx_word' id='word_1_776' title='bbox 2361 477 2390 509; x_wconf 83' lang='lat' dir='ltr'>in</span> 
     </span>
     <span class='ocr_line' id='line_1_97' title="bbox 1330 511 2322 554; baseline 0.003 -11"><span class='ocrx_word' id='word_1_777' title='bbox 1330 511 1449 543; x_wconf 90' lang='lat' dir='ltr'>Christo</span> <span class='ocrx_word' id='word_1_778' title='bbox 1467 512 1541 543; x_wconf 88' lang='lat' dir='ltr'>Patri</span> <span class='ocrx_word' id='word_1_779' title='bbox 1553 513 1688 544; x_wconf 91' lang='lat' dir='ltr'>Domino</span> <span class='ocrx_word' id='word_1_780' title='bbox 1705 512 1834 544; x_wconf 87' lang='lat' dir='ltr'>Arthuro</span> <span class='ocrx_word' id='word_1_781' title='bbox 1849 511 1973 543; x_wconf 85' lang='lat' dir='ltr'>Bathon&#39;</span> <span class='ocrx_word' id='word_1_782' title='bbox 1989 516 2024 546; x_wconf 71' lang='grc' dir='ltr'>ὃς</span> <span class='ocrx_word' id='word_1_783' title='bbox 2039 514 2149 545; x_wconf 81' lang='lat' dir='ltr'>Wellen&#39;</span> <span class='ocrx_word' id='word_1_784' title='bbox 2167 515 2322 554; x_wconf 83' lang='lat' dir='ltr'>Episcopo.</span> 
     </span>
    </p>

    <p class='ocr_par' dir='ltr' id='par_1_34' title="bbox 1363 550 2317 594">
     <span class='ocr_line' id='line_1_98' title="bbox 1363 550 2317 594; baseline 0.004 -13"><span class='ocrx_word' id='word_1_785' title='bbox 1363 550 1454 583; x_wconf 89' lang='lat' dir='ltr'>Teste</span> <span class='ocrx_word' id='word_1_786' title='bbox 1467 551 1553 590; x_wconf 84' lang='lat' dir='ltr'>Rege</span> <span class='ocrx_word' id='word_1_787' title='bbox 1567 552 1640 590; x_wconf 83' lang='lat' dir='ltr'>apud</span> <span class='ocrx_word' id='word_1_788' title='bbox 1656 550 1932 591; x_wconf 76' lang='lat' dir='ltr'>Wstmonasterium,</span> <span class='ocrx_word' id='word_1_789' title='bbox 1953 554 2073 590; x_wconf 75' lang='lat' dir='ltr'>septimo</span> <span class='ocrx_word' id='word_1_790' title='bbox 2090 554 2148 585; x_wconf 91' lang='lat' dir='ltr'>Die</span> <span class='ocrx_word' id='word_1_791' title='bbox 2164 554 2317 594; x_wconf 77' lang='lat' dir='ltr'>Jamearii.</span> 
     </span>
    </p>
   </div>
   <div class='ocr_carea' id='block_1_17' title="bbox 1320 626 2391 940">
    <p class='ocr_par' dir='ltr' id='par_1_35' title="bbox 1320 626 2391 940">
     <span class='ocr_line' id='line_1_99' title="bbox 1363 626 2391 667; baseline 0.006 -9"><span class='ocrx_word' id='word_1_792' title='bbox 1363 627 1507 659; x_wconf 71' lang='lat' dir='ltr'>SAMUEL</span> <span class='ocrx_word' id='word_1_793' title='bbox 1525 628 1637 666; x_wconf 58' lang='lat' dir='ltr'>Fiam„</span> <span class='ocrx_word' id='word_1_794' title='bbox 1655 626 1802 666; x_wconf 82' lang='lat' dir='ltr'>Clericus,</span> <span class='ocrx_word' id='word_1_795' title='bbox 1821 627 1905 659; x_wconf 88' lang='lat' dir='ltr'>Sacre</span> <span class='ocrx_word' id='word_1_796' title='bbox 1928 628 2094 667; x_wconf 83' lang='lat' dir='ltr'>Theologie</span> <span class='ocrx_word' id='word_1_797' title='bbox 2115 629 2259 663; x_wconf 77' lang='lat' dir='ltr'>Professor</span> <span class='ocrx_word' id='word_1_798' title='bbox 2284 632 2317 664; x_wconf 71' lang='grc' dir='ltr'>ὅτ,</span> <span class='ocrx_word' id='word_1_799' title='bbox 2332 630 2391 663; x_wconf 66' lang='lat' dir='ltr'>Ca&lt;</span> 
     </span>
     <span class='ocr_line' id='line_1_100' title="bbox 1326 667 2390 706; baseline 0.006 -10"><span class='ocrx_word' id='word_1_800' title='bbox 1326 667 1500 704; x_wconf 85' lang='lat' dir='ltr'>pellanorum</span> <span class='ocrx_word' id='word_1_801' title='bbox 1518 667 1682 697; x_wconf 89' lang='lat' dir='ltr'>nostrorum</span> <span class='ocrx_word' id='word_1_802' title='bbox 1699 667 1917 697; x_wconf 85' lang='lat' dir='ltr'>Ordinariorum</span> <span class='ocrx_word' id='word_1_803' title='bbox 1932 678 2013 706; x_wconf 87' lang='lat' dir='ltr'>unus,</span> <span class='ocrx_word' id='word_1_804' title='bbox 2029 668 2115 699; x_wconf 87' lang='lat' dir='ltr'>habet</span> <span class='ocrx_word' id='word_1_805' title='bbox 2130 671 2291 703; x_wconf 73' lang='lat' dir='ltr'>consimiles</span> <span class='ocrx_word' id='word_1_806' title='bbox 2309 671 2390 702; x_wconf 85' lang='lat' dir='ltr'>Lite-</span> 
     </span>
     <span class='ocr_line' id='line_1_101' title="bbox 1326 705 2388 749; baseline 0.007 -15"><span class='ocrx_word' id='word_1_807' title='bbox 1326 715 1368 735; x_wconf 90' lang='lat' dir='ltr'>ras</span> <span class='ocrx_word' id='word_1_808' title='bbox 1386 705 1518 736; x_wconf 91' lang='lat' dir='ltr'>patentes</span> <span class='ocrx_word' id='word_1_809' title='bbox 1538 705 1574 736; x_wconf 90' lang='lat' dir='ltr'>de</span> <span class='ocrx_word' id='word_1_810' title='bbox 1592 705 1801 736; x_wconf 88' lang='lat' dir='ltr'>Presentatione</span> <span class='ocrx_word' id='word_1_811' title='bbox 1816 706 1850 735; x_wconf 89' lang='lat' dir='ltr'>ad</span> <span class='ocrx_word' id='word_1_812' title='bbox 1869 705 2036 737; x_wconf 66' lang='lat' dir='ltr'>Re&lt;storiam</span> <span class='ocrx_word' id='word_1_813' title='bbox 2052 707 2086 738; x_wconf 92' lang='lat' dir='ltr'>de</span> <span class='ocrx_word' id='word_1_814' title='bbox 2100 710 2304 749; x_wconf 81' lang='lat' dir='ltr'>Sonm’ngwell,</span> <span class='ocrx_word' id='word_1_815' title='bbox 2320 710 2388 741; x_wconf 79' lang='lat' dir='ltr'>alias</span> 
     </span>
     <span class='ocr_line' id='line_1_102' title="bbox 1325 743 2390 781; baseline 0.007 -9"><span class='ocrx_word' id='word_1_816' title='bbox 1325 743 1511 781; x_wconf 80' lang='lat' dir='ltr'>Soningwell,</span> <span class='ocrx_word' id='word_1_817' title='bbox 1531 744 1651 774; x_wconf 85' lang='lat' dir='ltr'>Dioces&#39;</span> <span class='ocrx_word' id='word_1_818' title='bbox 1673 748 1770 774; x_wconf 86' lang='lat' dir='ltr'>Sarum</span> <span class='ocrx_word' id='word_1_819' title='bbox 1796 753 1844 781; x_wconf 88' lang='lat' dir='ltr'>per</span> <span class='ocrx_word' id='word_1_820' title='bbox 1867 744 1995 775; x_wconf 88' lang='lat' dir='ltr'>Mortem</span> <span class='ocrx_word' id='word_1_821' title='bbox 2013 745 2104 776; x_wconf 88' lang='lat' dir='ltr'>ultimi</span> <span class='ocrx_word' id='word_1_822' title='bbox 2121 746 2319 781; x_wconf 83' lang='lat' dir='ltr'>Incumbentis</span> <span class='ocrx_word' id='word_1_823' title='bbox 2333 750 2390 779; x_wconf 83' lang='lat' dir='ltr'>ibi-</span> 
     </span>
     <span class='ocr_line' id='line_1_103' title="bbox 1326 782 2387 827; baseline 0.008 -16"><span class='ocrx_word' id='word_1_824' title='bbox 1326 782 1392 812; x_wconf 87' lang='lat' dir='ltr'>dem</span> <span class='ocrx_word' id='word_1_825' title='bbox 1414 782 1473 819; x_wconf 86' lang='lat' dir='ltr'>jam</span> <span class='ocrx_word' id='word_1_826' title='bbox 1497 791 1666 821; x_wconf 85' lang='lat' dir='ltr'>vacantem,</span> <span class='ocrx_word' id='word_1_827' title='bbox 1685 785 1717 814; x_wconf 83' lang='lat'>&amp;</span> <span class='ocrx_word' id='word_1_828' title='bbox 1732 782 1767 812; x_wconf 87' lang='lat' dir='ltr'>ad</span> <span class='ocrx_word' id='word_1_829' title='bbox 1780 782 1906 812; x_wconf 88' lang='lat' dir='ltr'>nostram</span> <span class='ocrx_word' id='word_1_830' title='bbox 1920 782 2161 815; x_wconf 78' lang='lat' dir='ltr'>presentationem</span> <span class='ocrx_word' id='word_1_831' title='bbox 2182 785 2238 816; x_wconf 89' lang='lat' dir='ltr'>sive</span> <span class='ocrx_word' id='word_1_832' title='bbox 2252 797 2284 818; x_wconf 79' lang='lat' dir='ltr'>ex</span> <span class='ocrx_word' id='word_1_833' title='bbox 2301 788 2387 827; x_wconf 91' lang='lat' dir='ltr'>pleno</span> 
     </span>
     <span class='ocr_line' id='line_1_104' title="bbox 1322 820 2387 865; baseline 0.008 -16"><span class='ocrx_word' id='word_1_834' title='bbox 1322 820 1386 857; x_wconf 87' lang='lat' dir='ltr'>jure</span> <span class='ocrx_word' id='word_1_835' title='bbox 1408 821 1463 850; x_wconf 81' lang='lat' dir='ltr'>sive</span> <span class='ocrx_word' id='word_1_836' title='bbox 1487 830 1535 856; x_wconf 87' lang='lat' dir='ltr'>per</span> <span class='ocrx_word' id='word_1_837' title='bbox 1558 821 1663 858; x_wconf 91' lang='lat' dir='ltr'>lapsum</span> <span class='ocrx_word' id='word_1_838' title='bbox 1688 821 1824 860; x_wconf 87' lang='lat' dir='ltr'>temporis</span> <span class='ocrx_word' id='word_1_839' title='bbox 1846 820 1903 851; x_wconf 91' lang='lat' dir='ltr'>sive</span> <span class='ocrx_word' id='word_1_840' title='bbox 1923 822 2018 860; x_wconf 83' lang='lat' dir='ltr'>aliquo</span> <span class='ocrx_word' id='word_1_841' title='bbox 2032 823 2088 853; x_wconf 91' lang='lat' dir='ltr'>alio</span> <span class='ocrx_word' id='word_1_842' title='bbox 2104 824 2196 854; x_wconf 93' lang='lat' dir='ltr'>modo</span> <span class='ocrx_word' id='word_1_843' title='bbox 2209 834 2387 865; x_wconf 86' lang='lat' dir='ltr'>quocunque</span> 
     </span>
     <span class='ocr_line' id='line_1_105' title="bbox 1320 858 2384 898; baseline 0.009 -11"><span class='ocrx_word' id='word_1_844' title='bbox 1320 859 1385 897; x_wconf 90' lang='lat' dir='ltr'>jure</span> <span class='ocrx_word' id='word_1_845' title='bbox 1408 859 1452 888; x_wconf 90' lang='lat' dir='ltr'>vel</span> <span class='ocrx_word' id='word_1_846' title='bbox 1467 859 1549 888; x_wconf 88' lang='lat' dir='ltr'>titulo</span> <span class='ocrx_word' id='word_1_847' title='bbox 1571 859 1651 897; x_wconf 83' lang='lat' dir='ltr'>legali</span> <span class='ocrx_word' id='word_1_848' title='bbox 1663 858 1847 897; x_wconf 64' lang='lat' dir='ltr'>spectantem.</span> <span class='ocrx_word' id='word_1_849' title='bbox 1885 858 1922 890; x_wconf 90' lang='lat' dir='ltr'>Et</span> <span class='ocrx_word' id='word_1_850' title='bbox 1940 860 2095 898; x_wconf 70' lang='lat' dir='ltr'>diriguntur</span> <span class='ocrx_word' id='word_1_851' title='bbox 2112 862 2151 892; x_wconf 92' lang='lat' dir='ltr'>he</span> <span class='ocrx_word' id='word_1_852' title='bbox 2170 863 2269 895; x_wconf 85' lang='lat' dir='ltr'>Litere</span> <span class='ocrx_word' id='word_1_853' title='bbox 2284 864 2384 898; x_wconf 88' lang='lat' dir='ltr'>Reve-</span> 
     </span>
     <span class='ocr_line' id='line_1_106' title="bbox 1324 896 2249 940; baseline 0.006 -13"><span class='ocrx_word' id='word_1_854' title='bbox 1324 897 1413 927; x_wconf 88' lang='lat' dir='ltr'>rendo</span> <span class='ocrx_word' id='word_1_855' title='bbox 1428 898 1456 926; x_wconf 90' lang='lat' dir='ltr'>in</span> <span class='ocrx_word' id='word_1_856' title='bbox 1472 896 1591 927; x_wconf 88' lang='lat' dir='ltr'>Christo</span> <span class='ocrx_word' id='word_1_857' title='bbox 1608 897 1683 927; x_wconf 86' lang='lat' dir='ltr'>Patri</span> <span class='ocrx_word' id='word_1_858' title='bbox 1698 897 1829 927; x_wconf 91' lang='lat' dir='ltr'>Domino</span> <span class='ocrx_word' id='word_1_859' title='bbox 1842 896 1974 935; x_wconf 87' lang='lat' dir='ltr'>Johanni</span> <span class='ocrx_word' id='word_1_860' title='bbox 1986 902 2082 929; x_wconf 84' lang='lat' dir='ltr'>Sarum</span> <span class='ocrx_word' id='word_1_861' title='bbox 2097 900 2249 940; x_wconf 79' lang='lat' dir='ltr'>Episcopo,</span> 
     </span>
    </p>
   </div>
   <div class='ocr_carea' id='block_1_18' title="bbox 1362 934 2312 979">
    <p class='ocr_par' dir='ltr' id='par_1_36' title="bbox 1362 934 2312 979">
     <span class='ocr_line' id='line_1_107' title="bbox 1362 934 2312 979; baseline 0.006 -13"><span class='ocrx_word' id='word_1_862' title='bbox 1362 935 1452 968; x_wconf 90' lang='lat' dir='ltr'>Teste</span> <span class='ocrx_word' id='word_1_863' title='bbox 1467 935 1548 975; x_wconf 84' lang='lat' dir='ltr'>Rege</span> <span class='ocrx_word' id='word_1_864' title='bbox 1563 935 1636 975; x_wconf 88' lang='lat' dir='ltr'>apud</span> <span class='ocrx_word' id='word_1_865' title='bbox 1652 934 1934 976; x_wconf 68' lang='lat' dir='ltr'>Westmonasterium,</span> <span class='ocrx_word' id='word_1_866' title='bbox 1950 939 2072 978; x_wconf 90' lang='lat' dir='ltr'>septimo</span> <span class='ocrx_word' id='word_1_867' title='bbox 2088 939 2147 971; x_wconf 89' lang='lat' dir='ltr'>Die</span> <span class='ocrx_word' id='word_1_868' title='bbox 2163 940 2312 979; x_wconf 69' lang='lat' dir='ltr'>Januarii.</span> 
     </span>
    </p>
   </div>
   <div class='ocr_carea' id='block_1_19' title="bbox 1322 1012 2389 1289">
    <p class='ocr_par' dir='ltr' id='par_1_37' title="bbox 1322 1012 2389 1245">
     <span class='ocr_line' id='line_1_108' title="bbox 1358 1012 2385 1055; baseline 0.009 -12"><span class='ocrx_word' id='word_1_869' title='bbox 1358 1012 1507 1044; x_wconf 61' lang='lat' dir='ltr'>Tuoiias</span> <span class='ocrx_word' id='word_1_870' title='bbox 1527 1012 1640 1051; x_wconf 79' lang='lat' dir='ltr'>HiLt.‚</span> <span class='ocrx_word' id='word_1_871' title='bbox 1659 1012 1805 1051; x_wconf 74' lang='lat' dir='ltr'>Clericus,</span> <span class='ocrx_word' id='word_1_872' title='bbox 1824 1014 1854 1043; x_wconf 91' lang='lat' dir='ltr'>in</span> <span class='ocrx_word' id='word_1_873' title='bbox 1877 1013 1992 1045; x_wconf 88' lang='lat' dir='ltr'>Artibus</span> <span class='ocrx_word' id='word_1_874' title='bbox 2009 1015 2166 1055; x_wconf 85' lang='lat' dir='ltr'>Magister,</span> <span class='ocrx_word' id='word_1_875' title='bbox 2185 1017 2270 1050; x_wconf 87' lang='lat' dir='ltr'>habet</span> <span class='ocrx_word' id='word_1_876' title='bbox 2290 1020 2385 1051; x_wconf 79' lang='lat' dir='ltr'>confi-</span> 
     </span>
     <span class='ocr_line' id='line_1_109' title="bbox 1323 1051 2389 1098; baseline 0.008 -16"><span class='ocrx_word' id='word_1_877' title='bbox 1323 1053 1402 1082; x_wconf 71' lang='lat' dir='ltr'>miles</span> <span class='ocrx_word' id='word_1_878' title='bbox 1420 1052 1528 1083; x_wconf 90' lang='lat' dir='ltr'>Literas</span> <span class='ocrx_word' id='word_1_879' title='bbox 1547 1051 1679 1083; x_wconf 79' lang='lat' dir='ltr'>patentes</span> <span class='ocrx_word' id='word_1_880' title='bbox 1700 1052 1736 1082; x_wconf 90' lang='lat' dir='ltr'>de</span> <span class='ocrx_word' id='word_1_881' title='bbox 1761 1052 1970 1084; x_wconf 87' lang='lat' dir='ltr'>presentatione</span> <span class='ocrx_word' id='word_1_882' title='bbox 1982 1053 2015 1083; x_wconf 89' lang='lat' dir='ltr'>ad</span> <span class='ocrx_word' id='word_1_883' title='bbox 2031 1053 2174 1086; x_wconf 86' lang='lat' dir='ltr'>Vicariam</span> <span class='ocrx_word' id='word_1_884' title='bbox 2190 1057 2226 1088; x_wconf 90' lang='lat' dir='ltr'>de</span> <span class='ocrx_word' id='word_1_885' title='bbox 2238 1058 2389 1098; x_wconf 79' lang='lat' dir='ltr'>Bradfeild</span> 
     </span>
     <span class='ocr_line' id='line_1_110' title="bbox 1324 1089 2384 1136; baseline 0.009 -16"><span class='ocrx_word' id='word_1_886' title='bbox 1324 1090 1441 1121; x_wconf 88' lang='lat' dir='ltr'>Dioces’</span> <span class='ocrx_word' id='word_1_887' title='bbox 1463 1092 1622 1121; x_wconf 79' lang='lat' dir='ltr'>Norwicen&#39;</span> <span class='ocrx_word' id='word_1_888' title='bbox 1642 1101 1690 1129; x_wconf 90' lang='lat' dir='ltr'>per</span> <span class='ocrx_word' id='word_1_889' title='bbox 1714 1089 1846 1120; x_wconf 89' lang='lat' dir='ltr'>Mortem</span> <span class='ocrx_word' id='word_1_890' title='bbox 1867 1090 1958 1121; x_wconf 90' lang='lat' dir='ltr'>ultimi</span> <span class='ocrx_word' id='word_1_891' title='bbox 1977 1090 2174 1125; x_wconf 88' lang='lat' dir='ltr'>Incumbentis</span> <span class='ocrx_word' id='word_1_892' title='bbox 2198 1096 2305 1127; x_wconf 87' lang='lat' dir='ltr'>ibidem</span> <span class='ocrx_word' id='word_1_893' title='bbox 2326 1099 2384 1136; x_wconf 81' lang='lat' dir='ltr'>jam</span> 
     </span>
     <span class='ocr_line' id='line_1_111' title="bbox 1322 1128 2383 1172; baseline 0.009 -15"><span class='ocrx_word' id='word_1_894' title='bbox 1322 1139 1491 1167; x_wconf 86' lang='lat' dir='ltr'>vacantem,</span> <span class='ocrx_word' id='word_1_895' title='bbox 1509 1130 1543 1160; x_wconf 90' lang='lat'>&amp;</span> <span class='ocrx_word' id='word_1_896' title='bbox 1565 1131 1597 1160; x_wconf 86' lang='lat' dir='ltr'>ad</span> <span class='ocrx_word' id='word_1_897' title='bbox 1621 1129 1748 1160; x_wconf 87' lang='lat' dir='ltr'>nostram</span> <span class='ocrx_word' id='word_1_898' title='bbox 1765 1128 2004 1159; x_wconf 84' lang='lat' dir='ltr'>presentationem</span> <span class='ocrx_word' id='word_1_899' title='bbox 2021 1131 2106 1168; x_wconf 89' lang='lat' dir='ltr'>pleno</span> <span class='ocrx_word' id='word_1_900' title='bbox 2116 1132 2182 1170; x_wconf 89' lang='lat' dir='ltr'>jure</span> <span class='ocrx_word' id='word_1_901' title='bbox 2199 1134 2383 1172; x_wconf 61' lang='lat' dir='ltr'>spectantem.</span> 
     </span>
     <span class='ocr_line' id='line_1_112' title="bbox 1322 1166 2386 1206; baseline 0.008 -9"><span class='ocrx_word' id='word_1_902' title='bbox 1322 1166 1360 1198; x_wconf 89' lang='lat' dir='ltr'>Et</span> <span class='ocrx_word' id='word_1_903' title='bbox 1377 1168 1535 1206; x_wconf 81' lang='lat' dir='ltr'>diriguntur</span> <span class='ocrx_word' id='word_1_904' title='bbox 1551 1167 1589 1199; x_wconf 87' lang='lat' dir='ltr'>he</span> <span class='ocrx_word' id='word_1_905' title='bbox 1607 1168 1699 1199; x_wconf 88' lang='lat' dir='ltr'>Litere</span> <span class='ocrx_word' id='word_1_906' title='bbox 1714 1167 1888 1199; x_wconf 88' lang='lat' dir='ltr'>Reverendo</span> <span class='ocrx_word' id='word_1_907' title='bbox 1905 1169 1934 1198; x_wconf 90' lang='lat' dir='ltr'>in</span> <span class='ocrx_word' id='word_1_908' title='bbox 1954 1167 2075 1200; x_wconf 89' lang='lat' dir='ltr'>Christo</span> <span class='ocrx_word' id='word_1_909' title='bbox 2089 1170 2165 1201; x_wconf 88' lang='lat' dir='ltr'>Patri</span> <span class='ocrx_word' id='word_1_910' title='bbox 2181 1171 2315 1205; x_wconf 87' lang='lat' dir='ltr'>Domino</span> <span class='ocrx_word' id='word_1_911' title='bbox 2332 1179 2386 1205; x_wconf 76' lang='lat' dir='ltr'>Sa-</span> 
     </span>
     <span class='ocr_line' id='line_1_113' title="bbox 1322 1206 1747 1245; baseline 0.002 -9"><span class='ocrx_word' id='word_1_912' title='bbox 1322 1206 1402 1236; x_wconf 85' lang='lat' dir='ltr'>mueli</span> <span class='ocrx_word' id='word_1_913' title='bbox 1418 1207 1576 1236; x_wconf 80' lang='lat' dir='ltr'>Norwicen&#39;</span> <span class='ocrx_word' id='word_1_914' title='bbox 1594 1206 1747 1245; x_wconf 78' lang='lat' dir='ltr'>Episcopo.</span> 
     </span>
    </p>

    <p class='ocr_par' dir='ltr' id='par_1_38' title="bbox 1356 1243 2383 1289">
     <span class='ocr_line' id='line_1_114' title="bbox 1356 1243 2383 1289; baseline 0.006 -14"><span class='ocrx_word' id='word_1_915' title='bbox 1356 1244 1446 1277; x_wconf 87' lang='lat' dir='ltr'>Teste</span> <span class='ocrx_word' id='word_1_916' title='bbox 1469 1243 1555 1283; x_wconf 82' lang='lat' dir='ltr'>Rege</span> <span class='ocrx_word' id='word_1_917' title='bbox 1572 1246 1646 1284; x_wconf 89' lang='lat' dir='ltr'>apud</span> <span class='ocrx_word' id='word_1_918' title='bbox 1668 1245 1928 1287; x_wconf 75' lang='lat' dir='ltr'>Wstmonasterium</span> <span class='ocrx_word' id='word_1_919' title='bbox 1939 1268 1949 1284; x_wconf 84' lang='lat'>,</span> <span class='ocrx_word' id='word_1_920' title='bbox 1967 1247 2108 1278; x_wconf 89' lang='lat' dir='ltr'>vicesimo</span> <span class='ocrx_word' id='word_1_921' title='bbox 2124 1247 2228 1287; x_wconf 89' lang='lat' dir='ltr'>quinto</span> <span class='ocrx_word' id='word_1_922' title='bbox 2247 1247 2307 1281; x_wconf 92' lang='lat' dir='ltr'>Die</span> <span class='ocrx_word' id='word_1_923' title='bbox 2321 1248 2383 1289; x_wconf 80' lang='lat' dir='ltr'>Ja-</span> 
     </span>
    </p>
   </div>
   <div class='ocr_carea' id='block_1_20' title="bbox 1319 1287 1421 1314">
    <p class='ocr_par' dir='ltr' id='par_1_39' title="bbox 1319 1287 1421 1314">
     <span class='ocr_line' id='line_1_115' title="bbox 1319 1287 1421 1314; baseline 0.01 -1"><span class='ocrx_word' id='word_1_924' title='bbox 1319 1287 1421 1314; x_wconf 78' lang='lat' dir='ltr'>nuarii.</span> 
     </span>
    </p>
   </div>
   <div class='ocr_carea' id='block_1_21' title="bbox 1319 1360 2385 1637">
    <p class='ocr_par' dir='ltr' id='par_1_40' title="bbox 1319 1360 2385 1597">
     <span class='ocr_line' id='line_1_116' title="bbox 1356 1360 2384 1408; baseline 0.006 -16"><span class='ocrx_word' id='word_1_925' title='bbox 1356 1360 1539 1408; x_wconf 66' lang='lat' dir='ltr'>Gssoncius</span> <span class='ocrx_word' id='word_1_926' title='bbox 1560 1361 1766 1405; x_wconf 78' lang='lat' dir='ltr'>GARDINER,</span> <span class='ocrx_word' id='word_1_927' title='bbox 1780 1364 1919 1401; x_wconf 84' lang='lat' dir='ltr'>Clericus.</span> <span class='ocrx_word' id='word_1_928' title='bbox 1940 1363 1969 1396; x_wconf 89' lang='lat' dir='ltr'>in</span> <span class='ocrx_word' id='word_1_929' title='bbox 1987 1363 2104 1397; x_wconf 90' lang='lat' dir='ltr'>Artibus</span> <span class='ocrx_word' id='word_1_930' title='bbox 2120 1363 2316 1398; x_wconf 86' lang='lat' dir='ltr'>Bachalaurius</span> <span class='ocrx_word' id='word_1_931' title='bbox 2332 1367 2384 1397; x_wconf 80' lang='lat' dir='ltr'>ha-</span> 
     </span>
     <span class='ocr_line' id='line_1_117' title="bbox 1319 1399 2385 1437; baseline 0.008 -8"><span class='ocrx_word' id='word_1_932' title='bbox 1319 1399 1368 1431; x_wconf 89' lang='lat' dir='ltr'>bet</span> <span class='ocrx_word' id='word_1_933' title='bbox 1391 1403 1549 1433; x_wconf 72' lang='lat' dir='ltr'>consimiles</span> <span class='ocrx_word' id='word_1_934' title='bbox 1571 1403 1679 1435; x_wconf 84' lang='lat' dir='ltr'>Literas</span> <span class='ocrx_word' id='word_1_935' title='bbox 1699 1405 1827 1437; x_wconf 81' lang='lat' dir='ltr'>Patentes</span> <span class='ocrx_word' id='word_1_936' title='bbox 1842 1405 1877 1435; x_wconf 90' lang='lat' dir='ltr'>de</span> <span class='ocrx_word' id='word_1_937' title='bbox 1894 1405 2101 1435; x_wconf 86' lang='lat' dir='ltr'>Presentatione</span> <span class='ocrx_word' id='word_1_938' title='bbox 2113 1404 2146 1435; x_wconf 88' lang='lat' dir='ltr'>ad</span> <span class='ocrx_word' id='word_1_939' title='bbox 2164 1403 2330 1437; x_wconf 70' lang='lat' dir='ltr'>Rectoriam</span> <span class='ocrx_word' id='word_1_940' title='bbox 2346 1407 2385 1437; x_wconf 83' lang='lat' dir='ltr'>de</span> 
     </span>
     <span class='ocr_line' id='line_1_118' title="bbox 1321 1439 2385 1483; baseline 0.008 -15"><span class='ocrx_word' id='word_1_941' title='bbox 1321 1439 1484 1478; x_wconf 78' lang='lat' dir='ltr'>Brianstone</span> <span class='ocrx_word' id='word_1_942' title='bbox 1507 1441 1625 1472; x_wconf 80' lang='lat' dir='ltr'>Dioces&#39;</span> <span class='ocrx_word' id='word_1_943' title='bbox 1640 1443 1761 1482; x_wconf 77' lang='lat' dir='ltr'>Brtstoll‘</span> <span class='ocrx_word' id='word_1_944' title='bbox 1770 1445 1830 1482; x_wconf 88' lang='lat' dir='ltr'>jam</span> <span class='ocrx_word' id='word_1_945' title='bbox 1844 1444 1972 1483; x_wconf 86' lang='lat' dir='ltr'>legitime</span> <span class='ocrx_word' id='word_1_946' title='bbox 1987 1444 2020 1473; x_wconf 92' lang='lat'>&amp;</span> <span class='ocrx_word' id='word_1_947' title='bbox 2035 1443 2071 1474; x_wconf 88' lang='lat' dir='ltr'>de</span> <span class='ocrx_word' id='word_1_948' title='bbox 2084 1444 2146 1481; x_wconf 84' lang='lat' dir='ltr'>jure</span> <span class='ocrx_word' id='word_1_949' title='bbox 2163 1453 2330 1482; x_wconf 86' lang='lat' dir='ltr'>vacantem,</span> <span class='ocrx_word' id='word_1_950' title='bbox 2349 1446 2385 1476; x_wconf 70' lang='lat'>&amp;²</span> 
     </span>
     <span class='ocr_line' id='line_1_119' title="bbox 1320 1478 2384 1521; baseline 0.007 -14"><span class='ocrx_word' id='word_1_951' title='bbox 1320 1478 1354 1508; x_wconf 88' lang='lat' dir='ltr'>ad</span> <span class='ocrx_word' id='word_1_952' title='bbox 1370 1478 1498 1509; x_wconf 89' lang='lat' dir='ltr'>nostram</span> <span class='ocrx_word' id='word_1_953' title='bbox 1516 1480 1757 1513; x_wconf 77' lang='lat' dir='ltr'>presentationem</span> <span class='ocrx_word' id='word_1_954' title='bbox 1774 1492 1823 1521; x_wconf 90' lang='lat' dir='ltr'>per</span> <span class='ocrx_word' id='word_1_955' title='bbox 1840 1481 2010 1511; x_wconf 86' lang='lat' dir='ltr'>pravitatem</span> <span class='ocrx_word' id='word_1_956' title='bbox 2027 1481 2156 1512; x_wconf 88' lang='lat' dir='ltr'>Simonie</span> <span class='ocrx_word' id='word_1_957' title='bbox 2173 1482 2228 1513; x_wconf 86' lang='lat' dir='ltr'>hac</span> <span class='ocrx_word' id='word_1_958' title='bbox 2246 1483 2309 1514; x_wconf 90' lang='lat' dir='ltr'>vice</span> <span class='ocrx_word' id='word_1_959' title='bbox 2321 1484 2384 1521; x_wconf 86' lang='lat' dir='ltr'>spe-</span> 
     </span>
     <span class='ocr_line' id='line_1_120' title="bbox 1323 1516 2385 1558; baseline 0.005 -12"><span class='ocrx_word' id='word_1_960' title='bbox 1323 1516 1457 1548; x_wconf 67' lang='lat' dir='ltr'>Ctantem.</span> <span class='ocrx_word' id='word_1_961' title='bbox 1483 1517 1521 1548; x_wconf 86' lang='lat' dir='ltr'>Et</span> <span class='ocrx_word' id='word_1_962' title='bbox 1534 1519 1691 1558; x_wconf 84' lang='lat' dir='ltr'>diriguntur</span> <span class='ocrx_word' id='word_1_963' title='bbox 1709 1521 1747 1551; x_wconf 83' lang='lat' dir='ltr'>lie</span> <span class='ocrx_word' id='word_1_964' title='bbox 1765 1521 1858 1551; x_wconf 87' lang='lat' dir='ltr'>Litere</span> <span class='ocrx_word' id='word_1_965' title='bbox 1872 1519 2046 1550; x_wconf 88' lang='lat' dir='ltr'>Reverendo</span> <span class='ocrx_word' id='word_1_966' title='bbox 2060 1521 2090 1550; x_wconf 92' lang='lat' dir='ltr'>in</span> <span class='ocrx_word' id='word_1_967' title='bbox 2104 1520 2226 1551; x_wconf 88' lang='lat' dir='ltr'>Christo</span> <span class='ocrx_word' id='word_1_968' title='bbox 2235 1519 2313 1553; x_wconf 86' lang='lat' dir='ltr'>Patri</span> <span class='ocrx_word' id='word_1_969' title='bbox 2330 1524 2385 1552; x_wconf 86' lang='lat' dir='ltr'>Ro-</span> 
     </span>
     <span class='ocr_line' id='line_1_121' title="bbox 1320 1555 1702 1597; baseline 0.01 -13"><span class='ocrx_word' id='word_1_970' title='bbox 1320 1555 1396 1585; x_wconf 75' lang='lat' dir='ltr'>berto</span> <span class='ocrx_word' id='word_1_971' title='bbox 1411 1556 1535 1594; x_wconf 76' lang='lat' dir='ltr'>Bristoll&#39;</span> <span class='ocrx_word' id='word_1_972' title='bbox 1549 1556 1702 1597; x_wconf 88' lang='lat' dir='ltr'>Episcopo.</span> 
     </span>
    </p>

    <p class='ocr_par' dir='ltr' id='par_1_41' title="bbox 1360 1593 2277 1637">
     <span class='ocr_line' id='line_1_122' title="bbox 1360 1593 2277 1637; baseline 0.004 -13"><span class='ocrx_word' id='word_1_973' title='bbox 1360 1593 1450 1625; x_wconf 90' lang='lat' dir='ltr'>Teste</span> <span class='ocrx_word' id='word_1_974' title='bbox 1464 1595 1547 1635; x_wconf 82' lang='lat' dir='ltr'>Rege</span> <span class='ocrx_word' id='word_1_975' title='bbox 1560 1596 1633 1634; x_wconf 85' lang='lat' dir='ltr'>apud</span> <span class='ocrx_word' id='word_1_976' title='bbox 1649 1596 1924 1637; x_wconf 78' lang='lat' dir='ltr'>Weslmonasterium‚</span> <span class='ocrx_word' id='word_1_977' title='bbox 1942 1603 2044 1634; x_wconf 86' lang='lat' dir='ltr'>quarto</span> <span class='ocrx_word' id='word_1_978' title='bbox 2059 1595 2118 1627; x_wconf 90' lang='lat' dir='ltr'>Die</span> <span class='ocrx_word' id='word_1_979' title='bbox 2127 1596 2277 1628; x_wconf 67' lang='lat' dir='ltr'>FeBruarii.</span> 
     </span>
    </p>
   </div>
   <div class='ocr_carea' id='block_1_22' title="bbox 1317 1675 2386 1988">
    <p class='ocr_par' dir='ltr' id='par_1_42' title="bbox 1317 1675 2386 1947">
     <span class='ocr_line' id='line_1_123' title="bbox 1357 1675 2385 1716; baseline 0.004 -10"><span class='ocrx_word' id='word_1_980' title='bbox 1357 1675 1558 1707; x_wconf 71' lang='lat' dir='ltr'>chnARmrs</span> <span class='ocrx_word' id='word_1_981' title='bbox 1581 1676 1740 1715; x_wconf 67' lang='lat' dir='ltr'>CLARiziz,</span> <span class='ocrx_word' id='word_1_982' title='bbox 1755 1676 1897 1714; x_wconf 71' lang='lat' dir='ltr'>Clericus,</span> <span class='ocrx_word' id='word_1_983' title='bbox 1912 1676 1997 1707; x_wconf 84' lang='lat' dir='ltr'>sacre</span> <span class='ocrx_word' id='word_1_984' title='bbox 2010 1676 2176 1716; x_wconf 78' lang='lat' dir='ltr'>Theologie</span> <span class='ocrx_word' id='word_1_985' title='bbox 2187 1677 2385 1711; x_wconf 83' lang='lat' dir='ltr'>Bachalaurius</span> 
     </span>
     <span class='ocr_line' id='line_1_124' title="bbox 1320 1713 2386 1750; baseline 0.005 -6"><span class='ocrx_word' id='word_1_986' title='bbox 1320 1713 1406 1746; x_wconf 82' lang='lat' dir='ltr'>habet</span> <span class='ocrx_word' id='word_1_987' title='bbox 1430 1715 1589 1746; x_wconf 83' lang='lat' dir='ltr'>conlimiles</span> <span class='ocrx_word' id='word_1_988' title='bbox 1615 1716 1724 1746; x_wconf 86' lang='lat' dir='ltr'>Literas</span> <span class='ocrx_word' id='word_1_989' title='bbox 1740 1716 1867 1746; x_wconf 85' lang='lat' dir='ltr'>patentes</span> <span class='ocrx_word' id='word_1_990' title='bbox 1882 1717 1918 1745; x_wconf 90' lang='lat' dir='ltr'>de</span> <span class='ocrx_word' id='word_1_991' title='bbox 1937 1715 2147 1747; x_wconf 83' lang='lat' dir='ltr'>presentatione</span> <span class='ocrx_word' id='word_1_992' title='bbox 2160 1716 2194 1746; x_wconf 89' lang='lat' dir='ltr'>ad</span> <span class='ocrx_word' id='word_1_993' title='bbox 2216 1716 2386 1750; x_wconf 64' lang='lat' dir='ltr'>Reeioriam</span> 
     </span>
     <span class='ocr_line' id='line_1_125' title="bbox 1319 1753 2383 1794; baseline 0.005 -12"><span class='ocrx_word' id='word_1_994' title='bbox 1319 1753 1355 1784; x_wconf 90' lang='lat' dir='ltr'>de</span> <span class='ocrx_word' id='word_1_995' title='bbox 1376 1753 1557 1783; x_wconf 77' lang='lat' dir='ltr'>Sudburrowe</span> <span class='ocrx_word' id='word_1_996' title='bbox 1581 1753 1700 1786; x_wconf 83' lang='lat' dir='ltr'>Dioces&#39;</span> <span class='ocrx_word' id='word_1_997' title='bbox 1727 1754 1911 1791; x_wconf 81' lang='lat' dir='ltr'>petriburgen&#39;</span> <span class='ocrx_word' id='word_1_998' title='bbox 1923 1755 1983 1793; x_wconf 88' lang='lat' dir='ltr'>jam</span> <span class='ocrx_word' id='word_1_999' title='bbox 2006 1755 2129 1794; x_wconf 87' lang='lat' dir='ltr'>legitime</span> <span class='ocrx_word' id='word_1_1000' title='bbox 2151 1755 2184 1784; x_wconf 92' lang='lat'>&amp;</span> <span class='ocrx_word' id='word_1_1001' title='bbox 2208 1756 2243 1786; x_wconf 88' lang='lat' dir='ltr'>de</span> <span class='ocrx_word' id='word_1_1002' title='bbox 2257 1757 2315 1793; x_wconf 84' lang='lat' dir='ltr'>jure</span> <span class='ocrx_word' id='word_1_1003' title='bbox 2333 1766 2383 1787; x_wconf 83' lang='lat' dir='ltr'>va-</span> 
     </span>
     <span class='ocr_line' id='line_1_126' title="bbox 1317 1792 2386 1832; baseline 0.003 -10"><span class='ocrx_word' id='word_1_1004' title='bbox 1317 1800 1450 1830; x_wconf 86' lang='lat' dir='ltr'>cantem,</span> <span class='ocrx_word' id='word_1_1005' title='bbox 1469 1793 1504 1823; x_wconf 90' lang='lat'>&amp;</span> <span class='ocrx_word' id='word_1_1006' title='bbox 1525 1792 1559 1823; x_wconf 88' lang='lat' dir='ltr'>ad</span> <span class='ocrx_word' id='word_1_1007' title='bbox 1582 1792 1708 1824; x_wconf 81' lang='lat' dir='ltr'>nostram</span> <span class='ocrx_word' id='word_1_1008' title='bbox 1732 1793 1974 1824; x_wconf 87' lang='lat' dir='ltr'>Presentationem</span> <span class='ocrx_word' id='word_1_1009' title='bbox 1998 1804 2048 1831; x_wconf 90' lang='lat' dir='ltr'>per</span> <span class='ocrx_word' id='word_1_1010' title='bbox 2064 1793 2169 1832; x_wconf 80' lang='lat' dir='ltr'>laplum</span> <span class='ocrx_word' id='word_1_1011' title='bbox 2185 1796 2322 1831; x_wconf 85' lang='lat' dir='ltr'>temporis</span> <span class='ocrx_word' id='word_1_1012' title='bbox 2340 1795 2386 1825; x_wconf 84' lang='lat' dir='ltr'>vel</span> 
     </span>
     <span class='ocr_line' id='line_1_127' title="bbox 1318 1830 2384 1871; baseline 0.001 -10"><span class='ocrx_word' id='word_1_1013' title='bbox 1318 1830 1415 1868; x_wconf 87' lang='lat' dir='ltr'>aliquo</span> <span class='ocrx_word' id='word_1_1014' title='bbox 1430 1831 1485 1861; x_wconf 87' lang='lat' dir='ltr'>alio</span> <span class='ocrx_word' id='word_1_1015' title='bbox 1499 1830 1588 1861; x_wconf 92' lang='lat' dir='ltr'>modo</span> <span class='ocrx_word' id='word_1_1016' title='bbox 1603 1841 1778 1870; x_wconf 82' lang='lat' dir='ltr'>quocunque</span> <span class='ocrx_word' id='word_1_1017' title='bbox 1794 1833 1851 1870; x_wconf 87' lang='lat' dir='ltr'>jure</span> <span class='ocrx_word' id='word_1_1018' title='bbox 1866 1832 1910 1861; x_wconf 93' lang='lat' dir='ltr'>vel</span> <span class='ocrx_word' id='word_1_1019' title='bbox 1925 1832 2007 1862; x_wconf 85' lang='lat' dir='ltr'>titulo</span> <span class='ocrx_word' id='word_1_1020' title='bbox 2023 1833 2104 1871; x_wconf 75' lang='lat' dir='ltr'>legali</span> <span class='ocrx_word' id='word_1_1021' title='bbox 2118 1832 2170 1861; x_wconf 80' lang='lat' dir='ltr'>hac</span> <span class='ocrx_word' id='word_1_1022' title='bbox 2188 1833 2250 1863; x_wconf 91' lang='lat' dir='ltr'>vice</span> <span class='ocrx_word' id='word_1_1023' title='bbox 2260 1832 2276 1861; x_wconf 88' lang='lat' dir='ltr'>s</span> <span class='ocrx_word' id='word_1_1024' title='bbox 2277 1833 2384 1863; x_wconf 54' lang='lat' dir='ltr'>westan-</span> 
     </span>
     <span class='ocr_line' id='line_1_128' title="bbox 1318 1868 2383 1909; baseline 0.001 -9"><span class='ocrx_word' id='word_1_1025' title='bbox 1318 1877 1388 1900; x_wconf 89' lang='lat' dir='ltr'>tem.</span> <span class='ocrx_word' id='word_1_1026' title='bbox 1419 1868 1457 1900; x_wconf 88' lang='lat' dir='ltr'>Et</span> <span class='ocrx_word' id='word_1_1027' title='bbox 1470 1869 1629 1909; x_wconf 88' lang='lat' dir='ltr'>diriguntur</span> <span class='ocrx_word' id='word_1_1028' title='bbox 1643 1870 1682 1900; x_wconf 87' lang='lat' dir='ltr'>he</span> <span class='ocrx_word' id='word_1_1029' title='bbox 1696 1870 1792 1900; x_wconf 90' lang='lat' dir='ltr'>Litere</span> <span class='ocrx_word' id='word_1_1030' title='bbox 1809 1869 1985 1902; x_wconf 85' lang='lat' dir='ltr'>Reverendo</span> <span class='ocrx_word' id='word_1_1031' title='bbox 2000 1872 2030 1901; x_wconf 91' lang='lat' dir='ltr'>in</span> <span class='ocrx_word' id='word_1_1032' title='bbox 2046 1870 2165 1901; x_wconf 83' lang='lat' dir='ltr'>Christo</span> <span class='ocrx_word' id='word_1_1033' title='bbox 2183 1869 2259 1901; x_wconf 89' lang='lat' dir='ltr'>Patri</span> <span class='ocrx_word' id='word_1_1034' title='bbox 2309 1872 2383 1902; x_wconf 87' lang='lat' dir='ltr'>omi-</span> 
     </span>
     <span class='ocr_line' id='line_1_129' title="bbox 1318 1907 1952 1947; baseline 0.003 -10"><span class='ocrx_word' id='word_1_1035' title='bbox 1318 1917 1359 1938; x_wconf 87' lang='lat' dir='ltr'>no</span> <span class='ocrx_word' id='word_1_1036' title='bbox 1373 1907 1479 1938; x_wconf 83' lang='lat' dir='ltr'>Thomae</span> <span class='ocrx_word' id='word_1_1037' title='bbox 1490 1908 1677 1946; x_wconf 80' lang='lat' dir='ltr'>Petriburgen&#39;</span> <span class='ocrx_word' id='word_1_1038' title='bbox 1689 1908 1843 1947; x_wconf 81' lang='lat' dir='ltr'>Episcopo.</span> <span class='ocrx_word' id='word_1_1039' title='bbox 1949 1940 1952 1943; x_wconf 78' lang='grc'><em>,</em></span> 
     </span>
    </p>

    <p class='ocr_par' dir='ltr' id='par_1_43' title="bbox 1358 1945 2234 1988">
     <span class='ocr_line' id='line_1_130' title="bbox 1358 1945 2234 1988; baseline 0 -11"><span class='ocrx_word' id='word_1_1040' title='bbox 1358 1945 1448 1977; x_wconf 90' lang='lat' dir='ltr'>Teste</span> <span class='ocrx_word' id='word_1_1041' title='bbox 1460 1945 1542 1987; x_wconf 85' lang='lat' dir='ltr'>Rege</span> <span class='ocrx_word' id='word_1_1042' title='bbox 1555 1949 1629 1986; x_wconf 86' lang='lat' dir='ltr'>apud</span> <span class='ocrx_word' id='word_1_1043' title='bbox 1647 1947 1927 1988; x_wconf 73' lang='lat' dir='ltr'>Wstmonasterimn‚</span> <span class='ocrx_word' id='word_1_1044' title='bbox 1944 1956 2026 1979; x_wconf 89' lang='lat' dir='ltr'>nono</span> <span class='ocrx_word' id='word_1_1045' title='bbox 2044 1947 2104 1979; x_wconf 90' lang='lat' dir='ltr'>Die</span> <span class='ocrx_word' id='word_1_1046' title='bbox 2120 1951 2234 1978; x_wconf 81' lang='lat' dir='ltr'>Martii.</span> 
     </span>
    </p>
   </div>
   <div class='ocr_carea' id='block_1_23' title="bbox 1317 2026 2535 2370">
    <p class='ocr_par' dir='ltr' id='par_1_44' title="bbox 1317 2026 2535 2291">
     <span class='ocr_line' id='line_1_131' title="bbox 1354 2026 2385 2067; baseline 0.003 -9"><span class='ocrx_word' id='word_1_1047' title='bbox 1354 2026 1649 2059; x_wconf 69' lang='lat' dir='ltr'>CnatsroPtii-:Rus</span> <span class='ocrx_word' id='word_1_1048' title='bbox 1675 2028 1837 2066; x_wconf 63' lang='lat' dir='ltr'>Romans,</span> <span class='ocrx_word' id='word_1_1049' title='bbox 1863 2028 2015 2067; x_wconf 88' lang='lat' dir='ltr'>Clericus,</span> <span class='ocrx_word' id='word_1_1050' title='bbox 2044 2030 2072 2060; x_wconf 91' lang='lat' dir='ltr'>iri</span> <span class='ocrx_word' id='word_1_1051' title='bbox 2092 2029 2210 2061; x_wconf 85' lang='lat' dir='ltr'>Artibus</span> <span class='ocrx_word' id='word_1_1052' title='bbox 2241 2028 2385 2067; x_wconf 82' lang='lat' dir='ltr'>Magister</span> 
     </span>
     <span class='ocr_line' id='line_1_132' title="bbox 1317 2066 2535 2106; baseline 0.001 -8"><span class='ocrx_word' id='word_1_1053' title='bbox 1317 2066 1403 2098; x_wconf 86' lang='lat' dir='ltr'>habet</span> <span class='ocrx_word' id='word_1_1054' title='bbox 1417 2067 1580 2098; x_wconf 79' lang='lat' dir='ltr'>consimiles</span> <span class='ocrx_word' id='word_1_1055' title='bbox 1600 2067 1708 2098; x_wconf 88' lang='lat' dir='ltr'>Literas</span> <span class='ocrx_word' id='word_1_1056' title='bbox 1723 2067 1855 2099; x_wconf 87' lang='lat' dir='ltr'>Patentcs</span> <span class='ocrx_word' id='word_1_1057' title='bbox 1871 2068 1906 2098; x_wconf 93' lang='lat' dir='ltr'>de</span> <span class='ocrx_word' id='word_1_1058' title='bbox 1917 2068 2126 2100; x_wconf 89' lang='lat' dir='ltr'>presentatione</span> <span class='ocrx_word' id='word_1_1059' title='bbox 2137 2070 2170 2098; x_wconf 91' lang='lat' dir='ltr'>ad</span> <span class='ocrx_word' id='word_1_1060' title='bbox 2184 2070 2202 2088; x_wconf 65' lang='lat'>&#39;¹‘</span> <span class='ocrx_word' id='word_1_1061' title='bbox 2213 2067 2379 2099; x_wconf 60' lang='lat' dir='ltr'>Rec‘ioriam</span> <span class='ocrx_word' id='word_1_1062' title='bbox 2397 2068 2535 2106; x_wconf 60' lang='lat' dir='ltr'>*xvmg</span> 
     </span>
     <span class='ocr_line' id='line_1_133' title="bbox 1317 2105 2472 2145; baseline 0.003 -9"><span class='ocrx_word' id='word_1_1063' title='bbox 1317 2107 1412 2136; x_wconf 64' lang='lat' dir='ltr'>sanai</span> <span class='ocrx_word' id='word_1_1064' title='bbox 1431 2107 1509 2135; x_wconf 85' lang='lat' dir='ltr'>Petri</span> <span class='ocrx_word' id='word_1_1065' title='bbox 1535 2107 1564 2136; x_wconf 90' lang='lat' dir='ltr'>in</span> <span class='ocrx_word' id='word_1_1066' title='bbox 1586 2105 1707 2136; x_wconf 84' lang='lat' dir='ltr'>Balliolo</span> <span class='ocrx_word' id='word_1_1067' title='bbox 1731 2106 1848 2137; x_wconf 86' lang='lat' dir='ltr'>Dioces’</span> <span class='ocrx_word' id='word_1_1068' title='bbox 1869 2106 1962 2136; x_wconf 82' lang='lat' dir='ltr'><em>Oxon’</em></span> <span class='ocrx_word' id='word_1_1069' title='bbox 1976 2116 2024 2144; x_wconf 88' lang='lat' dir='ltr'>per</span> <span class='ocrx_word' id='word_1_1070' title='bbox 2042 2106 2272 2145; x_wconf 87' lang='lat' dir='ltr'>Resignationem</span> <span class='ocrx_word' id='word_1_1071' title='bbox 2289 2107 2382 2138; x_wconf 89' lang='lat' dir='ltr'>ultimi</span> <span class='ocrx_word' id='word_1_1072' title='bbox 2402 2111 2472 2145; x_wconf 74' lang='lat'>645.</span> 
     </span>
     <span class='ocr_line' id='line_1_134' title="bbox 1319 2144 2387 2184; baseline 0.002 -9"><span class='ocrx_word' id='word_1_1073' title='bbox 1319 2144 1517 2176; x_wconf 87' lang='lat' dir='ltr'>Incumbentis</span> <span class='ocrx_word' id='word_1_1074' title='bbox 1537 2144 1644 2174; x_wconf 87' lang='lat' dir='ltr'>ibidem</span> <span class='ocrx_word' id='word_1_1075' title='bbox 1665 2146 1708 2176; x_wconf 91' lang='lat' dir='ltr'>vel</span> <span class='ocrx_word' id='word_1_1076' title='bbox 1732 2146 1826 2183; x_wconf 82' lang='lat' dir='ltr'>aliquo</span> <span class='ocrx_word' id='word_1_1077' title='bbox 1841 2144 1894 2174; x_wconf 88' lang='lat' dir='ltr'>alio</span> <span class='ocrx_word' id='word_1_1078' title='bbox 1910 2145 2001 2176; x_wconf 90' lang='lat' dir='ltr'>modo</span> <span class='ocrx_word' id='word_1_1079' title='bbox 2018 2155 2191 2184; x_wconf 86' lang='lat' dir='ltr'>quocunque</span> <span class='ocrx_word' id='word_1_1080' title='bbox 2206 2146 2268 2184; x_wconf 81' lang='lat' dir='ltr'>jam</span> <span class='ocrx_word' id='word_1_1081' title='bbox 2281 2156 2387 2177; x_wconf 90' lang='lat' dir='ltr'>vacan-</span> 
     </span>
     <span class='ocr_line' id='line_1_135' title="bbox 1319 2182 2383 2223; baseline 0.002 -9"><span class='ocrx_word' id='word_1_1082' title='bbox 1319 2193 1393 2221; x_wconf 89' lang='lat' dir='ltr'>tem,</span> <span class='ocrx_word' id='word_1_1083' title='bbox 1411 2184 1444 2214; x_wconf 91' lang='lat'>&amp;</span> <span class='ocrx_word' id='word_1_1084' title='bbox 1456 2183 1491 2213; x_wconf 85' lang='lat' dir='ltr'>ad</span> <span class='ocrx_word' id='word_1_1085' title='bbox 1508 2182 1636 2214; x_wconf 88' lang='lat' dir='ltr'>nostram</span> <span class='ocrx_word' id='word_1_1086' title='bbox 1654 2184 1892 2215; x_wconf 83' lang='lat' dir='ltr'>presentationem</span> <span class='ocrx_word' id='word_1_1087' title='bbox 1906 2184 1990 2220; x_wconf 91' lang='lat' dir='ltr'>pleno</span> <span class='ocrx_word' id='word_1_1088' title='bbox 2005 2186 2069 2223; x_wconf 87' lang='lat' dir='ltr'>jure</span> <span class='ocrx_word' id='word_1_1089' title='bbox 2083 2185 2269 2222; x_wconf 61' lang='lat' dir='ltr'>spectantem.</span> <span class='ocrx_word' id='word_1_1090' title='bbox 2289 2185 2325 2216; x_wconf 85' lang='lat' dir='ltr'>Et</span> <span class='ocrx_word' id='word_1_1091' title='bbox 2338 2186 2383 2215; x_wconf 88' lang='lat' dir='ltr'>di-</span> 
     </span>
     <span class='ocr_line' id='line_1_136' title="bbox 1319 2221 2386 2291; baseline 0.001 -38"><span class='ocrx_word' id='word_1_1092' title='bbox 1319 2223 1453 2291; x_wconf 47' lang='lat' dir='ltr'>gguntulii</span> <span class='ocrx_word' id='word_1_1093' title='bbox 1472 2222 1509 2289; x_wconf 70' lang='lat' dir='ltr'>hse</span> <span class='ocrx_word' id='word_1_1094' title='bbox 1529 2221 1626 2253; x_wconf 90' lang='lat' dir='ltr'>Litere</span> <span class='ocrx_word' id='word_1_1095' title='bbox 1646 2222 1824 2255; x_wconf 87' lang='lat' dir='ltr'>Reverendo</span> <span class='ocrx_word' id='word_1_1096' title='bbox 1843 2223 1874 2253; x_wconf 87' lang='lat' dir='ltr'>in</span> <span class='ocrx_word' id='word_1_1097' title='bbox 1887 2221 2005 2253; x_wconf 88' lang='lat' dir='ltr'>Christo</span> <span class='ocrx_word' id='word_1_1098' title='bbox 2021 2222 2095 2255; x_wconf 89' lang='lat' dir='ltr'>Patri</span> <span class='ocrx_word' id='word_1_1099' title='bbox 2110 2222 2246 2254; x_wconf 86' lang='lat' dir='ltr'>Domino</span> <span class='ocrx_word' id='word_1_1100' title='bbox 2255 2223 2386 2262; x_wconf 78' lang='lat' dir='ltr'>Johanm·</span> 
     </span>
    </p>

    <p class='ocr_par' dir='ltr' id='par_1_45' title="bbox 1348 2269 1582 2298">
     <span class='ocr_line' id='line_1_137' title="bbox 1348 2269 1582 2298; baseline 0 -8"><span class='ocrx_word' id='word_1_1101' title='bbox 1348 2272 1403 2290; x_wconf 83' lang='lat' dir='ltr'>xon</span> <span class='ocrx_word' id='word_1_1102' title='bbox 1455 2270 1483 2298; x_wconf 88' lang='lat' dir='ltr'>p.</span> <span class='ocrx_word' id='word_1_1103' title='bbox 1494 2269 1531 2290; x_wconf 91' lang='lat' dir='ltr'>co</span> <span class='ocrx_word' id='word_1_1104' title='bbox 1553 2271 1582 2292; x_wconf 92' lang='grc' dir='ltr'>ο.</span> 
     </span>
    </p>

    <p class='ocr_par' dir='ltr' id='par_1_46' title="bbox 1319 2269 2383 2370">
     <span class='ocr_line' id='line_1_138' title="bbox 1358 2269 2383 2340; baseline -0.001 -9"><span class='ocrx_word' id='word_1_1105' title='bbox 1358 2298 1451 2331; x_wconf 88' lang='lat' dir='ltr'>Teste</span> <span class='ocrx_word' id='word_1_1106' title='bbox 1467 2269 1553 2339; x_wconf 55' lang='lat' dir='ltr'>Regi}</span> <span class='ocrx_word' id='word_1_1107' title='bbox 1574 2298 1647 2339; x_wconf 88' lang='lat' dir='ltr'>apud</span> <span class='ocrx_word' id='word_1_1108' title='bbox 1671 2297 1949 2340; x_wconf 76' lang='lat' dir='ltr'>Westmonasterium,</span> <span class='ocrx_word' id='word_1_1109' title='bbox 1973 2299 2092 2332; x_wconf 88' lang='lat' dir='ltr'>decimo</span> <span class='ocrx_word' id='word_1_1110' title='bbox 2107 2301 2211 2340; x_wconf 85' lang='lat' dir='ltr'>quinto</span> <span class='ocrx_word' id='word_1_1111' title='bbox 2224 2299 2284 2330; x_wconf 91' lang='lat' dir='ltr'>Die</span> <span class='ocrx_word' id='word_1_1112' title='bbox 2298 2302 2383 2331; x_wconf 80' lang='lat' dir='ltr'>Mar-</span> 
     </span>
     <span class='ocr_line' id='line_1_139' title="bbox 1319 2348 1361 2370; baseline -0.024 0"><span class='ocrx_word' id='word_1_1113' title='bbox 1319 2348 1361 2370; x_wconf 76' lang='lat' dir='ltr'>tn.</span> 
     </span>
    </p>
   </div>
   <div class='ocr_carea' id='block_1_24' title="bbox 1320 2419 2387 2730">
    <p class='ocr_par' dir='ltr' id='par_1_47' title="bbox 1320 2419 2387 2686">
     <span class='ocr_line' id='line_1_140' title="bbox 1353 2419 2383 2460; baseline -0.001 -9"><span class='ocrx_word' id='word_1_1114' title='bbox 1353 2419 1589 2453; x_wconf 71' lang='lat' dir='ltr'>Wthssmius</span> <span class='ocrx_word' id='word_1_1115' title='bbox 1611 2419 1777 2452; x_wconf 67' lang='lat' dir='ltr'>Enwanns</span> <span class='ocrx_word' id='word_1_1116' title='bbox 1789 2444 1798 2459; x_wconf 84' lang='lat'>,</span> <span class='ocrx_word' id='word_1_1117' title='bbox 1817 2420 1963 2459; x_wconf 86' lang='lat' dir='ltr'>Clericus,</span> <span class='ocrx_word' id='word_1_1118' title='bbox 1982 2421 2010 2450; x_wconf 91' lang='lat' dir='ltr'>in</span> <span class='ocrx_word' id='word_1_1119' title='bbox 2027 2420 2144 2460; x_wconf 83' lang='lat' dir='ltr'>Artibus</span> <span class='ocrx_word' id='word_1_1120' title='bbox 2160 2419 2314 2458; x_wconf 83' lang='lat' dir='ltr'>Magister,</span> <span class='ocrx_word' id='word_1_1121' title='bbox 2331 2420 2383 2451; x_wconf 78' lang='lat' dir='ltr'>ha-</span> 
     </span>
     <span class='ocr_line' id='line_1_141' title="bbox 1320 2457 2381 2492; baseline -0.003 0"><span class='ocrx_word' id='word_1_1122' title='bbox 1320 2460 1371 2492; x_wconf 70' lang='lat' dir='ltr'>bet</span> <span class='ocrx_word' id='word_1_1123' title='bbox 1385 2461 1547 2492; x_wconf 88' lang='lat' dir='ltr'>consimiles</span> <span class='ocrx_word' id='word_1_1124' title='bbox 1564 2460 1671 2491; x_wconf 90' lang='lat' dir='ltr'>Literas</span> <span class='ocrx_word' id='word_1_1125' title='bbox 1685 2459 1818 2491; x_wconf 86' lang='lat' dir='ltr'>patentes</span> <span class='ocrx_word' id='word_1_1126' title='bbox 1835 2460 1870 2490; x_wconf 89' lang='lat' dir='ltr'>de</span> <span class='ocrx_word' id='word_1_1127' title='bbox 1885 2459 2092 2490; x_wconf 86' lang='lat' dir='ltr'>presentatione</span> <span class='ocrx_word' id='word_1_1128' title='bbox 2107 2458 2141 2489; x_wconf 86' lang='lat' dir='ltr'>ad</span> <span class='ocrx_word' id='word_1_1129' title='bbox 2158 2457 2326 2489; x_wconf 68' lang='lat' dir='ltr'>Rectoriam</span> <span class='ocrx_word' id='word_1_1130' title='bbox 2343 2460 2381 2489; x_wconf 87' lang='lat' dir='ltr'>de</span> 
     </span>
     <span class='ocr_line' id='line_1_142' title="bbox 1322 2496 2381 2541; baseline -0.005 -9"><span class='ocrx_word' id='word_1_1131' title='bbox 1322 2500 1408 2541; x_wconf 74' lang='lat' dir='ltr'><em>&#39;llston</em></span> <span class='ocrx_word' id='word_1_1132' title='bbox 1433 2499 1549 2530; x_wconf 88' lang='lat' dir='ltr'>Dioces’</span> <span class='ocrx_word' id='word_1_1133' title='bbox 1569 2498 1720 2529; x_wconf 85' lang='lat' dir='ltr'>Meneven’</span> <span class='ocrx_word' id='word_1_1134' title='bbox 1743 2507 1791 2537; x_wconf 87' lang='lat' dir='ltr'>per</span> <span class='ocrx_word' id='word_1_1135' title='bbox 1813 2498 2043 2536; x_wconf 81' lang='lat' dir='ltr'>Resignationem</span> <span class='ocrx_word' id='word_1_1136' title='bbox 2069 2496 2160 2528; x_wconf 90' lang='lat' dir='ltr'>ultimi</span> <span class='ocrx_word' id='word_1_1137' title='bbox 2181 2496 2381 2528; x_wconf 84' lang='lat' dir='ltr'>Incumbentis</span> 
     </span>
     <span class='ocr_line' id='line_1_143' title="bbox 1322 2535 2381 2576; baseline -0.004 -6"><span class='ocrx_word' id='word_1_1138' title='bbox 1322 2540 1428 2570; x_wconf 89' lang='lat' dir='ltr'>ibidem</span> <span class='ocrx_word' id='word_1_1139' title='bbox 1445 2538 1488 2568; x_wconf 95' lang='lat' dir='ltr'>vel</span> <span class='ocrx_word' id='word_1_1140' title='bbox 1504 2537 1596 2576; x_wconf 87' lang='lat' dir='ltr'>aliquo</span> <span class='ocrx_word' id='word_1_1141' title='bbox 1611 2538 1666 2567; x_wconf 89' lang='lat' dir='ltr'>alio</span> <span class='ocrx_word' id='word_1_1142' title='bbox 1681 2545 1855 2574; x_wconf 85' lang='lat' dir='ltr'>quocunque</span> <span class='ocrx_word' id='word_1_1143' title='bbox 1871 2536 1960 2565; x_wconf 92' lang='lat' dir='ltr'>modo</span> <span class='ocrx_word' id='word_1_1144' title='bbox 1967 2535 2027 2573; x_wconf 82' lang='lat' dir='ltr'>jam</span> <span class='ocrx_word' id='word_1_1145' title='bbox 2042 2544 2205 2573; x_wconf 89' lang='lat' dir='ltr'>vacantem,</span> <span class='ocrx_word' id='word_1_1146' title='bbox 2223 2536 2257 2567; x_wconf 88' lang='lat'>&amp;</span> <span class='ocrx_word' id='word_1_1147' title='bbox 2275 2536 2309 2566; x_wconf 90' lang='lat' dir='ltr'>ad</span> <span class='ocrx_word' id='word_1_1148' title='bbox 2325 2545 2381 2566; x_wconf 89' lang='lat' dir='ltr'>no-</span> 
     </span>
     <span class='ocr_line' id='line_1_144' title="bbox 1322 2573 2383 2612; baseline -0.005 -3"><span class='ocrx_word' id='word_1_1149' title='bbox 1322 2578 1406 2609; x_wconf 87' lang='lat' dir='ltr'>stram</span> <span class='ocrx_word' id='word_1_1150' title='bbox 1423 2576 1662 2608; x_wconf 84' lang='lat' dir='ltr'>Presentationem</span> <span class='ocrx_word' id='word_1_1151' title='bbox 1679 2575 1763 2611; x_wconf 91' lang='lat' dir='ltr'>pleno</span> <span class='ocrx_word' id='word_1_1152' title='bbox 1776 2575 1834 2612; x_wconf 90' lang='lat' dir='ltr'>jure</span> <span class='ocrx_word' id='word_1_1153' title='bbox 1849 2574 2030 2612; x_wconf 66' lang='lat' dir='ltr'>specstantem.</span> <span class='ocrx_word' id='word_1_1154' title='bbox 2057 2573 2094 2604; x_wconf 91' lang='lat' dir='ltr'>Et</span> <span class='ocrx_word' id='word_1_1155' title='bbox 2108 2575 2264 2612; x_wconf 85' lang='lat' dir='ltr'>diriguntur</span> <span class='ocrx_word' id='word_1_1156' title='bbox 2280 2574 2315 2605; x_wconf 91' lang='lat' dir='ltr'>he</span> <span class='ocrx_word' id='word_1_1157' title='bbox 2331 2574 2383 2604; x_wconf 87' lang='lat' dir='ltr'>Li·</span> 
     </span>
     <span class='ocr_line' id='line_1_145' title="bbox 1322 2611 2387 2648; baseline -0.005 0"><span class='ocrx_word' id='word_1_1158' title='bbox 1322 2626 1380 2648; x_wconf 88' lang='lat' dir='ltr'>tere</span> <span class='ocrx_word' id='word_1_1159' title='bbox 1400 2613 1574 2646; x_wconf 89' lang='lat' dir='ltr'>Reverendo</span> <span class='ocrx_word' id='word_1_1160' title='bbox 1593 2614 1624 2644; x_wconf 90' lang='lat' dir='ltr'>in</span> <span class='ocrx_word' id='word_1_1161' title='bbox 1649 2611 1769 2644; x_wconf 83' lang='lat' dir='ltr'>Christo</span> <span class='ocrx_word' id='word_1_1162' title='bbox 1790 2612 1865 2643; x_wconf 82' lang='lat' dir='ltr'>Patri</span> <span class='ocrx_word' id='word_1_1163' title='bbox 1888 2611 2026 2643; x_wconf 89' lang='lat' dir='ltr'>Domino</span> <span class='ocrx_word' id='word_1_1164' title='bbox 2048 2612 2211 2644; x_wconf 82' lang='lat' dir='ltr'>Willielmo</span> <span class='ocrx_word' id='word_1_1165' title='bbox 2234 2612 2387 2648; x_wconf 66' lang='lat' dir='ltr'>Meneven’,</span> 
     </span>
     <span class='ocr_line' id='line_1_146' title="bbox 1325 2654 1476 2686; baseline -0.026 0"><span class='ocrx_word' id='word_1_1166' title='bbox 1325 2655 1349 2686; x_wconf 92' lang='lat' dir='ltr'>E</span> <span class='ocrx_word' id='word_1_1167' title='bbox 1372 2654 1427 2686; x_wconf 91' lang='lat' dir='ltr'>isco</span> <span class='ocrx_word' id='word_1_1168' title='bbox 1447 2664 1476 2684; x_wconf 92' lang='lat' dir='ltr'>o.</span> 
     </span>
    </p>

    <p class='ocr_par' dir='ltr' id='par_1_48' title="bbox 1352 2663 2295 2730">
     <span class='ocr_line' id='line_1_147' title="bbox 1352 2663 2295 2730; baseline -0.004 -6"><span class='ocrx_word' id='word_1_1169' title='bbox 1352 2663 1453 2724; x_wconf 57' lang='lat' dir='ltr'>pTes’iiz</span> <span class='ocrx_word' id='word_1_1170' title='bbox 1470 2691 1552 2730; x_wconf 86' lang='lat' dir='ltr'>Rege</span> <span class='ocrx_word' id='word_1_1171' title='bbox 1564 2689 1638 2728; x_wconf 89' lang='lat' dir='ltr'>apud</span> <span class='ocrx_word' id='word_1_1172' title='bbox 1656 2688 1939 2728; x_wconf 76' lang='lat' dir='ltr'>Westmonasterium,</span> <span class='ocrx_word' id='word_1_1173' title='bbox 1955 2689 2092 2721; x_wconf 88' lang='lat' dir='ltr'>vicesimo</span> <span class='ocrx_word' id='word_1_1174' title='bbox 2105 2688 2165 2720; x_wconf 91' lang='lat' dir='ltr'>Die</span> <span class='ocrx_word' id='word_1_1175' title='bbox 2181 2691 2295 2720; x_wconf 84' lang='lat' dir='ltr'>Martii.</span> 
     </span>
    </p>
   </div>
   <div class='ocr_carea' id='block_1_25' title="bbox 1363 2768 2349 2848">
    <p class='ocr_par' dir='ltr' id='par_1_49' title="bbox 1363 2768 2349 2848">
     <span class='ocr_line' id='line_1_148' title="bbox 1363 2768 2349 2848; baseline -0.005 -43"><span class='ocrx_word' id='word_1_1176' title='bbox 1363 2776 1407 2805; x_wconf 88' lang='lat' dir='ltr'>De</span> <span class='ocrx_word' id='word_1_1177' title='bbox 1427 2770 1589 2813; x_wconf 82' lang='lat' dir='ltr'>Conceffione</span> <span class='ocrx_word' id='word_1_1178' title='bbox 1612 2769 1807 2838; x_wconf 51' lang='lat' dir='ltr'>Prestntandi‘³</span> <span class='ocrx_word' id='word_1_1179' title='bbox 1818 2772 1948 2848; x_wconf 48' lang='grc' dir='ltr'>Λῗιῆρηξσ</span> <span class='ocrx_word' id='word_1_1180' title='bbox 1971 2772 2092 2809; x_wconf 83' lang='lat' dir='ltr'>Morgan</span> <span class='ocrx_word' id='word_1_1181' title='bbox 2111 2773 2193 2801; x_wconf 83' lang='lat' dir='ltr'>Sacre</span> <span class='ocrx_word' id='word_1_1182' title='bbox 2212 2768 2349 2809; x_wconf 81' lang='lat' dir='ltr'>Theologie</span> 
     </span>
     <span class='ocr_line' id='line_1_149' title="bbox 1807 2819 1934 2838; baseline 0 0"><span class='ocrx_word' id='word_1_1183' title='bbox 1807 2819 1836 2838; x_wconf 87' lang='lat' dir='ltr'>ro</span> <span class='ocrx_word' id='word_1_1184' title='bbox 1852 2819 1864 2837; x_wconf 82' lang='lat' dir='ltr'>e</span> <span class='ocrx_word' id='word_1_1185' title='bbox 1887 2820 1934 2838; x_wconf 74' lang='lat' dir='ltr'>ort.</span> 
     </span>
    </p>
   </div>
   <div class='ocr_carea' id='block_1_26' title="bbox 1328 2884 2392 3084">
    <p class='ocr_par' dir='ltr' id='par_1_50' title="bbox 1328 2884 2392 3084">
     <span class='ocr_line' id='line_1_150' title="bbox 1363 2884 2390 2928; baseline -0.003 -7"><span class='ocrx_word' id='word_1_1186' title='bbox 1363 2889 1446 2928; x_wconf 84' lang='lat' dir='ltr'>Rex,</span> <span class='ocrx_word' id='word_1_1187' title='bbox 1464 2889 1526 2920; x_wconf 91' lang='lat' dir='ltr'>&amp;c.</span> <span class='ocrx_word' id='word_1_1188' title='bbox 1544 2886 1717 2919; x_wconf 83' lang='lat' dir='ltr'>Reverendo</span> <span class='ocrx_word' id='word_1_1189' title='bbox 1738 2887 1768 2917; x_wconf 92' lang='lat' dir='ltr'>in</span> <span class='ocrx_word' id='word_1_1190' title='bbox 1786 2885 1906 2917; x_wconf 91' lang='lat' dir='ltr'>Christo</span> <span class='ocrx_word' id='word_1_1191' title='bbox 1921 2885 1999 2917; x_wconf 89' lang='lat' dir='ltr'>Patri</span> <span class='ocrx_word' id='word_1_1192' title='bbox 2015 2886 2153 2917; x_wconf 89' lang='lat' dir='ltr'>Domino</span> <span class='ocrx_word' id='word_1_1193' title='bbox 2165 2884 2300 2924; x_wconf 85' lang='lat' dir='ltr'>Johanm&#39;</span> <span class='ocrx_word' id='word_1_1194' title='bbox 2315 2886 2390 2918; x_wconf 63' lang='lat' dir='ltr'>Per-⁸</span> 
     </span>
     <span class='ocr_line' id='line_1_151' title="bbox 1328 2924 2391 2965; baseline -0.004 -5"><span class='ocrx_word' id='word_1_1195' title='bbox 1328 2930 1461 2960; x_wconf 82' lang='lat' dir='ltr'>missione</span> <span class='ocrx_word' id='word_1_1196' title='bbox 1484 2928 1580 2958; x_wconf 87' lang='lat' dir='ltr'>divina</span> <span class='ocrx_word' id='word_1_1197' title='bbox 1601 2924 1727 2957; x_wconf 86' lang='lat' dir='ltr'>Lincoln&#39;</span> <span class='ocrx_word' id='word_1_1198' title='bbox 1748 2924 1892 2964; x_wconf 86' lang='lat' dir='ltr'>Episcopo</span> <span class='ocrx_word' id='word_1_1199' title='bbox 1906 2926 2003 2964; x_wconf 85' lang='lat' dir='ltr'>magni</span> <span class='ocrx_word' id='word_1_1200' title='bbox 2022 2925 2109 2964; x_wconf 87' lang='lat' dir='ltr'>Sigilli</span> <span class='ocrx_word' id='word_1_1201' title='bbox 2127 2924 2230 2962; x_wconf 83' lang='lat' dir='ltr'>Anglie</span> <span class='ocrx_word' id='word_1_1202' title='bbox 2246 2925 2391 2965; x_wconf 59' lang='lat' dir='ltr'>Custodi,</span> 
     </span>
     <span class='ocr_line' id='line_1_152' title="bbox 1328 2963 2389 3001; baseline -0.005 -2"><span class='ocrx_word' id='word_1_1203' title='bbox 1328 2979 1344 2999; x_wconf 91' lang='lat' dir='ltr'>a</span> <span class='ocrx_word' id='word_1_1204' title='bbox 1366 2967 1549 2999; x_wconf 64' lang='lat' dir='ltr'>sanctioribus</span> <span class='ocrx_word' id='word_1_1205' title='bbox 1572 2965 1660 2995; x_wconf 86' lang='lat' dir='ltr'>nostri</span> <span class='ocrx_word' id='word_1_1206' title='bbox 1685 2963 1827 2994; x_wconf 91' lang='lat' dir='ltr'>Conciliis</span> <span class='ocrx_word' id='word_1_1207' title='bbox 1849 2965 1916 3001; x_wconf 87' lang='lat' dir='ltr'>uni,</span> <span class='ocrx_word' id='word_1_1208' title='bbox 1939 2974 1972 2994; x_wconf 87' lang='lat' dir='ltr'>ac</span> <span class='ocrx_word' id='word_1_1209' title='bbox 1993 2964 2117 2994; x_wconf 84' lang='lat' dir='ltr'>Decano</span> <span class='ocrx_word' id='word_1_1210' title='bbox 2141 2963 2268 2994; x_wconf 81' lang='lat' dir='ltr'>Ecclesie</span> <span class='ocrx_word' id='word_1_1211' title='bbox 2291 2963 2389 2995; x_wconf 88' lang='lat' dir='ltr'>nostre</span> 
     </span>
     <span class='ocr_line' id='line_1_153' title="bbox 1330 3001 2392 3045; baseline -0.006 -8"><span class='ocrx_word' id='word_1_1212' title='bbox 1330 3005 1490 3045; x_wconf 86' lang='lat' dir='ltr'>Collegiate</span> <span class='ocrx_word' id='word_1_1213' title='bbox 1508 3005 1580 3034; x_wconf 82' lang='lat' dir='ltr'>beati</span> <span class='ocrx_word' id='word_1_1214' title='bbox 1600 3005 1677 3033; x_wconf 79' lang='lat' dir='ltr'>Petri</span> <span class='ocrx_word' id='word_1_1215' title='bbox 1692 3002 1812 3041; x_wconf 71' lang='lat' dir='ltr'>Wstm&#39;,</span> <span class='ocrx_word' id='word_1_1216' title='bbox 1830 3001 1957 3033; x_wconf 89' lang='lat' dir='ltr'>vestrave</span> <span class='ocrx_word' id='word_1_1217' title='bbox 1973 3003 2001 3032; x_wconf 92' lang='lat' dir='ltr'>iri</span> <span class='ocrx_word' id='word_1_1218' title='bbox 2018 3002 2151 3032; x_wconf 88' lang='lat' dir='ltr'>Absentia</span> <span class='ocrx_word' id='word_1_1219' title='bbox 2161 3001 2277 3032; x_wconf 86' lang='lat' dir='ltr'>Vicario</span> <span class='ocrx_word' id='word_1_1220' title='bbox 2291 3002 2392 3040; x_wconf 87' lang='lat' dir='ltr'>inSpi-</span> 
     </span>
     <span class='ocr_line' id='line_1_154' title="bbox 1330 3040 2388 3084; baseline -0.006 -8"><span class='ocrx_word' id='word_1_1221' title='bbox 1330 3046 1474 3076; x_wconf 85' lang='lat' dir='ltr'>ritualibus</span> <span class='ocrx_word' id='word_1_1222' title='bbox 1496 3043 1634 3081; x_wconf 85' lang='lat' dir='ltr'>generali,</span> <span class='ocrx_word' id='word_1_1223' title='bbox 1655 3042 1710 3071; x_wconf 84' lang='lat' dir='ltr'>live</span> <span class='ocrx_word' id='word_1_1224' title='bbox 1726 3042 1771 3071; x_wconf 90' lang='lat' dir='ltr'>alii</span> <span class='ocrx_word' id='word_1_1225' title='bbox 1788 3042 1948 3080; x_wconf 86' lang='lat' dir='ltr'>cuicunque</span> <span class='ocrx_word' id='word_1_1226' title='bbox 1963 3041 1993 3071; x_wconf 87' lang='lat' dir='ltr'>in</span> <span class='ocrx_word' id='word_1_1227' title='bbox 2008 3041 2062 3072; x_wconf 92' lang='lat' dir='ltr'>hac</span> <span class='ocrx_word' id='word_1_1228' title='bbox 2080 3041 2160 3072; x_wconf 87' lang='lat' dir='ltr'>Parte</span> <span class='ocrx_word' id='word_1_1229' title='bbox 2176 3040 2388 3084; x_wconf 73' lang='lat' dir='ltr'>Authoritatem</span> 
     </span>
    </p>
   </div>
   <div class='ocr_carea' id='block_1_27' title="bbox 1331 3082 2394 3156">
    <p class='ocr_par' dir='ltr' id='par_1_51' title="bbox 1331 3082 2394 3156">
     <span class='ocr_line' id='line_1_155' title="bbox 1331 3082 1617 3119; baseline -0.021 -4"><span class='ocrx_word' id='word_1_1230' title='bbox 1331 3084 1463 3119; x_wconf 87' lang='lat' dir='ltr'>habenti,</span> <span class='ocrx_word' id='word_1_1231' title='bbox 1482 3082 1617 3112; x_wconf 84' lang='lat' dir='ltr'>Salutem.</span> 
     </span>
     <span class='ocr_line' id='line_1_156' title="bbox 1369 3115 2394 3156; baseline -0.006 -4"><span class='ocrx_word' id='word_1_1232' title='bbox 1369 3122 1415 3152; x_wconf 89' lang='lat' dir='ltr'>Ad</span> <span class='ocrx_word' id='word_1_1233' title='bbox 1432 3120 1601 3151; x_wconf 65' lang='lat' dir='ltr'>Rectoriam</span> <span class='ocrx_word' id='word_1_1234' title='bbox 1624 3117 1659 3147; x_wconf 92' lang='lat' dir='ltr'>de</span> <span class='ocrx_word' id='word_1_1235' title='bbox 1679 3116 1933 3155; x_wconf 81' lang='lat' dir='ltr'>Stokegoldington‚</span> <span class='ocrx_word' id='word_1_1236' title='bbox 1950 3117 2040 3149; x_wconf 87' lang='lat' dir='ltr'>vestre</span> <span class='ocrx_word' id='word_1_1237' title='bbox 2064 3117 2182 3148; x_wconf 90' lang='lat' dir='ltr'>Dioces’</span> <span class='ocrx_word' id='word_1_1238' title='bbox 2194 3118 2249 3156; x_wconf 83' lang='lat' dir='ltr'>jam</span> <span class='ocrx_word' id='word_1_1239' title='bbox 2267 3115 2394 3156; x_wconf 83' lang='lat' dir='ltr'>legitime</span> 
     </span>
    </p>
   </div>
   <div class='ocr_carea' id='block_1_28' title="bbox 1333 3155 2400 3538">
    <p class='ocr_par' dir='ltr' id='par_1_52' title="bbox 1333 3155 2400 3538">
     <span class='ocr_line' id='line_1_157' title="bbox 1333 3155 2394 3197; baseline -0.005 -7"><span class='ocrx_word' id='word_1_1240' title='bbox 1333 3162 1366 3193; x_wconf 93' lang='lat'>&amp;</span> <span class='ocrx_word' id='word_1_1241' title='bbox 1386 3160 1422 3190; x_wconf 88' lang='lat' dir='ltr'>de</span> <span class='ocrx_word' id='word_1_1242' title='bbox 1440 3160 1503 3197; x_wconf 87' lang='lat' dir='ltr'>jure</span> <span class='ocrx_word' id='word_1_1243' title='bbox 1524 3165 1670 3187; x_wconf 83' lang='lat' dir='ltr'>vacantem</span> <span class='ocrx_word' id='word_1_1244' title='bbox 1696 3157 1728 3187; x_wconf 87' lang='lat'>&amp;</span> <span class='ocrx_word' id='word_1_1245' title='bbox 1751 3156 1785 3187; x_wconf 83' lang='lat' dir='ltr'>ad</span> <span class='ocrx_word' id='word_1_1246' title='bbox 1801 3159 1926 3186; x_wconf 83' lang='lat' dir='ltr'>noitram</span> <span class='ocrx_word' id='word_1_1247' title='bbox 1943 3156 2188 3187; x_wconf 78' lang='lat' dir='ltr'>presentationem</span> <span class='ocrx_word' id='word_1_1248' title='bbox 2205 3157 2261 3186; x_wconf 86' lang='lat' dir='ltr'>sive</span> <span class='ocrx_word' id='word_1_1249' title='bbox 2273 3165 2322 3193; x_wconf 89' lang='lat' dir='ltr'>per</span> <span class='ocrx_word' id='word_1_1250' title='bbox 2333 3155 2394 3195; x_wconf 89' lang='lat' dir='ltr'>lap-</span> 
     </span>
     <span class='ocr_line' id='line_1_158' title="bbox 1334 3194 2394 3234; baseline -0.006 -5"><span class='ocrx_word' id='word_1_1251' title='bbox 1334 3199 1395 3229; x_wconf 89' lang='lat' dir='ltr'>sum</span> <span class='ocrx_word' id='word_1_1252' title='bbox 1417 3198 1569 3234; x_wconf 79' lang='lat' dir='ltr'>temporis‚</span> <span class='ocrx_word' id='word_1_1253' title='bbox 1589 3195 1644 3226; x_wconf 89' lang='lat' dir='ltr'>sive</span> <span class='ocrx_word' id='word_1_1254' title='bbox 1659 3204 1706 3233; x_wconf 89' lang='lat' dir='ltr'>per</span> <span class='ocrx_word' id='word_1_1255' title='bbox 1718 3196 1882 3232; x_wconf 82' lang='lat' dir='ltr'>pravitatem</span> <span class='ocrx_word' id='word_1_1256' title='bbox 1901 3195 2046 3232; x_wconf 74' lang='lat' dir='ltr'>Simonie,</span> <span class='ocrx_word' id='word_1_1257' title='bbox 2067 3195 2122 3224; x_wconf 84' lang='lat' dir='ltr'>live</span> <span class='ocrx_word' id='word_1_1258' title='bbox 2137 3195 2234 3232; x_wconf 87' lang='lat' dir='ltr'>aliquo</span> <span class='ocrx_word' id='word_1_1259' title='bbox 2249 3194 2305 3226; x_wconf 90' lang='lat' dir='ltr'>alio</span> <span class='ocrx_word' id='word_1_1260' title='bbox 2319 3203 2394 3231; x_wconf 88' lang='lat' dir='ltr'>quo-</span> 
     </span>
     <span class='ocr_line' id='line_1_159' title="bbox 1335 3231 2393 3275; baseline -0.009 -6"><span class='ocrx_word' id='word_1_1261' title='bbox 1335 3247 1450 3275; x_wconf 79' lang='lat' dir='ltr'>cunque</span> <span class='ocrx_word' id='word_1_1262' title='bbox 1473 3234 1562 3265; x_wconf 93' lang='lat' dir='ltr'>modo</span> <span class='ocrx_word' id='word_1_1263' title='bbox 1582 3235 1636 3264; x_wconf 86' lang='lat' dir='ltr'>hac</span> <span class='ocrx_word' id='word_1_1264' title='bbox 1659 3234 1722 3264; x_wconf 90' lang='lat' dir='ltr'>vice</span> <span class='ocrx_word' id='word_1_1265' title='bbox 1742 3234 1934 3270; x_wconf 67' lang='lat' dir='ltr'>specstantem,</span> <span class='ocrx_word' id='word_1_1266' title='bbox 1956 3233 2105 3263; x_wconf 58' lang='lat' dir='ltr'>Dilectum</span> <span class='ocrx_word' id='word_1_1267' title='bbox 2133 3234 2214 3264; x_wconf 88' lang='lat' dir='ltr'>nobis</span> <span class='ocrx_word' id='word_1_1268' title='bbox 2229 3236 2257 3264; x_wconf 87' lang='lat' dir='ltr'>in</span> <span class='ocrx_word' id='word_1_1269' title='bbox 2273 3231 2393 3263; x_wconf 84' lang='lat' dir='ltr'>Christo</span> 
     </span>
     <span class='ocr_line' id='line_1_160' title="bbox 1338 3271 2396 3311; baseline -0.008 -5"><span class='ocrx_word' id='word_1_1270' title='bbox 1338 3278 1496 3306; x_wconf 80' lang='lat' dir='ltr'>Antonium</span> <span class='ocrx_word' id='word_1_1271' title='bbox 1516 3276 1636 3310; x_wconf 74' lang='lat' dir='ltr'>Murgan</span> <span class='ocrx_word' id='word_1_1272' title='bbox 1653 3271 1738 3302; x_wconf 83' lang='lat' dir='ltr'>Sacre</span> <span class='ocrx_word' id='word_1_1273' title='bbox 1759 3272 1922 3310; x_wconf 77' lang='lat' dir='ltr'>Theologie</span> <span class='ocrx_word' id='word_1_1274' title='bbox 1945 3271 2136 3302; x_wconf 82' lang='lat' dir='ltr'>Profefforem</span> <span class='ocrx_word' id='word_1_1275' title='bbox 2158 3273 2241 3302; x_wconf 87' lang='lat' dir='ltr'>vobis</span> <span class='ocrx_word' id='word_1_1276' title='bbox 2259 3271 2396 3311; x_wconf 84' lang='lat' dir='ltr'>presenta-</span> 
     </span>
     <span class='ocr_line' id='line_1_161' title="bbox 1340 3310 2398 3351; baseline -0.007 -7"><span class='ocrx_word' id='word_1_1277' title='bbox 1340 3324 1419 3351; x_wconf 85' lang='lat' dir='ltr'>mus,</span> <span class='ocrx_word' id='word_1_1278' title='bbox 1437 3322 1567 3349; x_wconf 87' lang='lat' dir='ltr'>rogantes</span> <span class='ocrx_word' id='word_1_1279' title='bbox 1581 3314 1613 3342; x_wconf 86' lang='lat'>&amp;</span> <span class='ocrx_word' id='word_1_1280' title='bbox 1627 3312 1801 3347; x_wconf 87' lang='lat' dir='ltr'>requirentes</span> <span class='ocrx_word' id='word_1_1281' title='bbox 1815 3320 1949 3348; x_wconf 88' lang='lat' dir='ltr'>quatenus</span> <span class='ocrx_word' id='word_1_1282' title='bbox 1963 3310 2086 3340; x_wconf 84' lang='lat' dir='ltr'>eundem</span> <span class='ocrx_word' id='word_1_1283' title='bbox 2102 3314 2259 3340; x_wconf 82' lang='lat' dir='ltr'>Antonium</span> <span class='ocrx_word' id='word_1_1284' title='bbox 2275 3312 2398 3344; x_wconf 71' lang='lat' dir='ltr'>Murgan</span> 
     </span>
     <span class='ocr_line' id='line_1_162' title="bbox 1340 3347 2397 3388; baseline -0.008 -5"><span class='ocrx_word' id='word_1_1285' title='bbox 1340 3353 1374 3383; x_wconf 92' lang='lat' dir='ltr'>ad</span> <span class='ocrx_word' id='word_1_1286' title='bbox 1389 3351 1556 3382; x_wconf 64' lang='lat' dir='ltr'>Rectoriam</span> <span class='ocrx_word' id='word_1_1287' title='bbox 1570 3350 1605 3379; x_wconf 86' lang='lat' dir='ltr'>de</span> <span class='ocrx_word' id='word_1_1288' title='bbox 1618 3348 1852 3386; x_wconf 77' lang='lat' dir='ltr'>Stokegoldington</span> <span class='ocrx_word' id='word_1_1289' title='bbox 1868 3348 1984 3386; x_wconf 67' lang='lat' dir='ltr'>predict&#39;</span> <span class='ocrx_word' id='word_1_1290' title='bbox 1997 3348 2154 3386; x_wconf 84' lang='lat' dir='ltr'>admittere,</span> <span class='ocrx_word' id='word_1_1291' title='bbox 2174 3349 2317 3387; x_wconf 82' lang='lat' dir='ltr'>ipsumque</span> <span class='ocrx_word' id='word_1_1292' title='bbox 2335 3347 2397 3388; x_wconf 79' lang='lat' dir='ltr'>Re-</span> 
     </span>
     <span class='ocr_line' id='line_1_163' title="bbox 1342 3384 2399 3428; baseline -0.008 -6"><span class='ocrx_word' id='word_1_1293' title='bbox 1342 3392 1453 3422; x_wconf 68' lang='lat' dir='ltr'>&amp;orem</span> <span class='ocrx_word' id='word_1_1294' title='bbox 1478 3388 1584 3419; x_wconf 88' lang='lat' dir='ltr'>ibidem</span> <span class='ocrx_word' id='word_1_1295' title='bbox 1606 3387 1749 3418; x_wconf 89' lang='lat' dir='ltr'>instituere</span> <span class='ocrx_word' id='word_1_1296' title='bbox 1769 3389 1802 3418; x_wconf 71' lang='grc' dir='ltr'>ὅ(</span> <span class='ocrx_word' id='word_1_1297' title='bbox 1823 3386 1953 3417; x_wconf 89' lang='lat' dir='ltr'>investire</span> <span class='ocrx_word' id='word_1_1298' title='bbox 1975 3397 2045 3417; x_wconf 91' lang='lat' dir='ltr'>cum</span> <span class='ocrx_word' id='word_1_1299' title='bbox 2069 3386 2279 3428; x_wconf 30' lang='lat' dir='ltr'>omnibus-suis</span> <span class='ocrx_word' id='word_1_1300' title='bbox 2295 3384 2399 3416; x_wconf 74' lang='lat' dir='ltr'>‘nribus</span> 
     </span>
     <span class='ocr_line' id='line_1_164' title="bbox 1343 3424 2398 3464; baseline -0.008 -4"><span class='ocrx_word' id='word_1_1301' title='bbox 1343 3429 1479 3461; x_wconf 88' lang='lat' dir='ltr'>membris</span> <span class='ocrx_word' id='word_1_1302' title='bbox 1495 3428 1528 3459; x_wconf 71' lang='grc' dir='ltr'>ὃς</span> <span class='ocrx_word' id='word_1_1303' title='bbox 1545 3427 1714 3464; x_wconf 86' lang='lat' dir='ltr'>pertinentiis</span> <span class='ocrx_word' id='word_1_1304' title='bbox 1732 3425 1866 3456; x_wconf 87' lang='lat' dir='ltr'>universis</span> <span class='ocrx_word' id='word_1_1305' title='bbox 1882 3434 2030 3463; x_wconf 90' lang='lat' dir='ltr'>ceteraque</span> <span class='ocrx_word' id='word_1_1306' title='bbox 2045 3426 2144 3456; x_wconf 89' lang='lat' dir='ltr'>omnia</span> <span class='ocrx_word' id='word_1_1307' title='bbox 2157 3426 2189 3455; x_wconf 91' lang='lat'>&amp;</span> <span class='ocrx_word' id='word_1_1308' title='bbox 2204 3426 2281 3462; x_wconf 84' lang='lat' dir='ltr'>lingu</span> <span class='ocrx_word' id='word_1_1309' title='bbox 2295 3434 2308 3453; x_wconf 88' lang='lat' dir='ltr'>a</span> <span class='ocrx_word' id='word_1_1310' title='bbox 2323 3424 2398 3453; x_wconf 85' lang='lat' dir='ltr'>face-</span> 
     </span>
     <span class='ocr_line' id='line_1_165' title="bbox 1345 3461 2400 3505; baseline -0.003 -9"><span class='ocrx_word' id='word_1_1311' title='bbox 1345 3479 1374 3499; x_wconf 81' lang='lat' dir='ltr'>re</span> <span class='ocrx_word' id='word_1_1312' title='bbox 1388 3470 1422 3500; x_wconf 88' lang='lat'>&amp;</span> <span class='ocrx_word' id='word_1_1313' title='bbox 1443 3474 1572 3505; x_wconf 82' lang='lat' dir='ltr'>peragere</span> <span class='ocrx_word' id='word_1_1314' title='bbox 1589 3474 1644 3503; x_wconf 87' lang='lat' dir='ltr'>que</span> <span class='ocrx_word' id='word_1_1315' title='bbox 1661 3464 1754 3495; x_wconf 84' lang='lat' dir='ltr'>vestro</span> <span class='ocrx_word' id='word_1_1316' title='bbox 1770 3465 1800 3494; x_wconf 91' lang='lat' dir='ltr'>in</span> <span class='ocrx_word' id='word_1_1317' title='bbox 1815 3464 1867 3495; x_wconf 80' lang='lat' dir='ltr'>hac</span> <span class='ocrx_word' id='word_1_1318' title='bbox 1881 3463 1964 3496; x_wconf 77' lang='lat' dir='ltr'>Parte</span> <span class='ocrx_word' id='word_1_1319' title='bbox 1979 3465 2152 3495; x_wconf 87' lang='lat' dir='ltr'>incumbunt</span> <span class='ocrx_word' id='word_1_1320' title='bbox 2170 3461 2283 3493; x_wconf 85' lang='lat' dir='ltr'>Officio</span> <span class='ocrx_word' id='word_1_1321' title='bbox 2299 3461 2400 3498; x_wconf 49' lang='lat' dir='ltr'>pastea</span> 
     </span>
     <span class='ocr_line' id='line_1_166' title="bbox 1344 3503 1712 3538; baseline -0.016 0"><span class='ocrx_word' id='word_1_1322' title='bbox 1344 3507 1391 3538; x_wconf 87' lang='lat' dir='ltr'>rali</span> <span class='ocrx_word' id='word_1_1323' title='bbox 1406 3507 1496 3537; x_wconf 85' lang='lat' dir='ltr'>velitis</span> <span class='ocrx_word' id='word_1_1324' title='bbox 1510 3513 1579 3534; x_wconf 88' lang='lat' dir='ltr'>cum</span> <span class='ocrx_word' id='word_1_1325' title='bbox 1599 3503 1712 3534; x_wconf 84' lang='lat' dir='ltr'>Favore.</span> 
     </span>
    </p>
   </div>
   <div class='ocr_carea' id='block_1_29' title="bbox 1379 3581 2282 3771">
    <p class='ocr_par' dir='ltr' id='par_1_53' title="bbox 1379 3581 2282 3771">
     <span class='ocr_line' id='line_1_167' title="bbox 1381 3581 1660 3620; baseline -0.011 -7"><span class='ocrx_word' id='word_1_1326' title='bbox 1381 3582 1415 3613; x_wconf 90' lang='lat' dir='ltr'>Iri</span> <span class='ocrx_word' id='word_1_1327' title='bbox 1433 3582 1513 3620; x_wconf 90' lang='lat' dir='ltr'>cujus</span> <span class='ocrx_word' id='word_1_1328' title='bbox 1525 3581 1582 3619; x_wconf 87' lang='lat' dir='ltr'>rei,</span> <span class='ocrx_word' id='word_1_1329' title='bbox 1599 3581 1660 3611; x_wconf 91' lang='lat' dir='ltr'>&amp;c.</span> 
     </span>
     <span class='ocr_line' id='line_1_168' title="bbox 1379 3651 2282 3697; baseline -0.006 -6"><span class='ocrx_word' id='word_1_1330' title='bbox 1379 3658 1469 3691; x_wconf 86' lang='lat' dir='ltr'>Teste</span> <span class='ocrx_word' id='word_1_1331' title='bbox 1480 3657 1562 3697; x_wconf 84' lang='lat' dir='ltr'>Rege</span> <span class='ocrx_word' id='word_1_1332' title='bbox 1576 3656 1652 3695; x_wconf 86' lang='lat' dir='ltr'>apud</span> <span class='ocrx_word' id='word_1_1333' title='bbox 1669 3655 1946 3696; x_wconf 74' lang='lat' dir='ltr'>Wslmonasterium‚</span> <span class='ocrx_word' id='word_1_1334' title='bbox 1965 3654 2069 3693; x_wconf 88' lang='lat' dir='ltr'>quinto</span> <span class='ocrx_word' id='word_1_1335' title='bbox 2084 3653 2143 3684; x_wconf 92' lang='lat' dir='ltr'>Die</span> <span class='ocrx_word' id='word_1_1336' title='bbox 2162 3651 2282 3691; x_wconf 77' lang='lat' dir='ltr'>Aprilit.</span> 
     </span>
     <span class='ocr_line' id='line_1_169' title="bbox 1652 3728 2243 3771; baseline -0.005 -9"><span class='ocrx_word' id='word_1_1337' title='bbox 1652 3735 1706 3763; x_wconf 76' lang='lat' dir='ltr'>Per</span> <span class='ocrx_word' id='word_1_1338' title='bbox 1721 3736 1871 3764; x_wconf 86' lang='lat' dir='ltr'>Dominum</span> <span class='ocrx_word' id='word_1_1339' title='bbox 1884 3730 2022 3771; x_wconf 70' lang='lat' dir='ltr'>Custodem</span> <span class='ocrx_word' id='word_1_1340' title='bbox 2035 3732 2136 3767; x_wconf 85' lang='lat' dir='ltr'>Magni</span> <span class='ocrx_word' id='word_1_1341' title='bbox 2149 3728 2243 3766; x_wconf 80' lang='lat' dir='ltr'>Sigilli.</span> 
     </span>
    </p>
   </div>
   <div class='ocr_carea' id='block_1_30' title="bbox 1366 3812 2372 3898">
    <p class='ocr_par' dir='ltr' id='par_1_54' title="bbox 1366 3812 2372 3898">
     <span class='ocr_line' id='line_1_170' title="bbox 1366 3812 2372 3861; baseline -0.005 -10"><span class='ocrx_word' id='word_1_1342' title='bbox 1366 3819 1518 3861; x_wconf 80' lang='lat' dir='ltr'>Confimiles</span> <span class='ocrx_word' id='word_1_1343' title='bbox 1532 3820 1647 3850; x_wconf 71' lang='lat' dir='ltr'>Literas</span> <span class='ocrx_word' id='word_1_1344' title='bbox 1663 3820 1797 3850; x_wconf 72' lang='lat' dir='ltr'>patentes</span> <span class='ocrx_word' id='word_1_1345' title='bbox 1810 3818 1912 3849; x_wconf 83' lang='lat' dir='ltr'>habent</span> <span class='ocrx_word' id='word_1_1346' title='bbox 1928 3814 2042 3854; x_wconf 74' lang='lat' dir='ltr'>Perfime</span> <span class='ocrx_word' id='word_1_1347' title='bbox 2053 3812 2101 3852; x_wconf 74' lang='lat' dir='ltr'>sich</span> <span class='ocrx_word' id='word_1_1348' title='bbox 2116 3814 2193 3854; x_wconf 69' lang='lat' dir='ltr'>cript&#39;</span> <span class='ocrx_word' id='word_1_1349' title='bbox 2209 3813 2247 3851; x_wconf 54' lang='grc' dir='ltr'>(θ’</span> <span class='ocrx_word' id='word_1_1350' title='bbox 2262 3814 2296 3845; x_wconf 79' lang='lat' dir='ltr'>de</span> <span class='ocrx_word' id='word_1_1351' title='bbox 2311 3815 2372 3848; x_wconf 62' lang='lat' dir='ltr'>dat*</span> 
     </span>
     <span class='ocr_line' id='line_1_171' title="bbox 1552 3857 2175 3898; baseline -0.008 -10"><span class='ocrx_word' id='word_1_1352' title='bbox 1552 3862 1635 3888; x_wconf 81' lang='lat' dir='ltr'>etiam</span> <span class='ocrx_word' id='word_1_1353' title='bbox 1643 3857 1794 3898; x_wconf 69' lang='lat' dir='ltr'>ficbscript&#39;.</span> <span class='ocrx_word' id='word_1_1354' title='bbox 1817 3859 1860 3886; x_wconf 80' lang='lat' dir='ltr'>Et</span> <span class='ocrx_word' id='word_1_1355' title='bbox 1872 3857 2029 3892; x_wconf 68' lang='lat' dir='ltr'>diriguntur</span> <span class='ocrx_word' id='word_1_1356' title='bbox 2041 3860 2071 3882; x_wconf 75' lang='lat' dir='ltr'>ut</span> <span class='ocrx_word' id='word_1_1357' title='bbox 2099 3862 2175 3891; x_wconf 86' lang='lat' dir='ltr'>upra.</span> 
     </span>
    </p>
   </div>
   <div class='ocr_carea' id='block_1_31' title="bbox 1369 3937 2402 4013">
    <p class='ocr_par' dir='ltr' id='par_1_55' title="bbox 1369 3937 2402 4013">
     <span class='ocr_line' id='line_1_172' title="bbox 1369 3937 2402 4013; baseline -0.004 -36"><span class='ocrx_word' id='word_1_1358' title='bbox 1369 3944 1552 3984; x_wconf 71' lang='lat' dir='ltr'>JOHANNES</span> <span class='ocrx_word' id='word_1_1359' title='bbox 1569 3943 1694 3981; x_wconf 66' lang='lat' dir='ltr'>Wsssr,</span> <span class='ocrx_word' id='word_1_1360' title='bbox 1712 3941 1858 3980; x_wconf 79' lang='lat' dir='ltr'>Clericus,</span> <span class='ocrx_word' id='word_1_1361' title='bbox 1875 3941 1906 3971; x_wconf 86' lang='lat' dir='ltr'>in</span> <span class='ocrx_word' id='word_1_1362' title='bbox 1922 3938 2038 3970; x_wconf 82' lang='lat' dir='ltr'>Artibus</span> <span class='ocrx_word' id='word_1_1363' title='bbox 2053 3937 2191 3978; x_wconf 81' lang='lat' dir='ltr'>Magister</span> <span class='ocrx_word' id='word_1_1364' title='bbox 2204 3939 2290 3973; x_wconf 86' lang='lat' dir='ltr'>habet</span> <span class='ocrx_word' id='word_1_1365' title='bbox 2303 3941 2402 4013; x_wconf 32' lang='lat' dir='ltr'>ccxiii-fg</span> 
     </span>
     <span class='ocr_line' id='line_1_173' title="bbox 2355 3990 2363 4009; baseline 0 0"><span class='ocrx_word' id='word_1_1366' title='bbox 2355 3990 2363 4009; x_wconf 87' lang='lat'>1</span> 
     </span>
    </p>
   </div>
  </div>
 </body>
</html>
