2536 4255
23 229 70 250 nn.
84 217 127 249 D.

21 257 101 288 1626.

21 312 30 328 2
47 306 74 324 2.

5 349 52 371 -μν-
76 345 98 363 ῐ.

4 405 5 415 i

3 419 6 455 l

0 1875 119 1905 XVIII.

0 1925 49 1946 ηπ..

768 133 880 175 ΕΤ
962 134 1228 178 ACTA
1313 133 1761 184 PUBLICA.

152 218 270 257 strum,
295 220 483 258 quadraginta
505 223 590 251 trium
612 220 760 251 Librarum
781 219 961 249 novemdecim
983 219 1131 251 Solidorum
1154 219 1211 250 otto

149 260 332 287 Denariorum
353 258 391 293 (sy
415 262 493 288 uniar
512 258 594 288 Obuli
607 259 644 292 ὠ*
661 262 738 288 unius
756 257 955 296 §Quadrantiz
973 259 1008 289 de
1023 259 1160 290 Redioria
1173 258 1210 288 de

148 295 325 334 Tormoham,
343 307 412 327 curn
427 296 545 334 Capella
561 296 596 326 de
612 298 780 332 Cokington,
798 296 891 325 eidem
910 295 1046 327 Reetorie
1057 306 1167 328 annexa
1180 297 1211 325 in

147 334 227 364 dicto
246 334 396 366 Comitatu
412 334 538 370 Devon',
553 334 637 364 nobis
651 334 814 364 Heredibus
827 333 861 364 &
877 334 1093 366 Succefforibus
1108 335 1210 366 nostris

145 374 311 403 exeuntium
326 373 381 404 five
396 373 574 409 solubilium3

183 411 351 448 Aciotum
372 412 452 442 illum
477 410 627 440 annualem
648 408 806 440 Redditum
826 409 880 439 five
904 409 1034 441 Feodum
1053 411 1141 441 Firm'
1154 421 1208 441 no-

143 448 255 485 strum”,
273 454 389 487 triginta
404 459 504 479 novem
516 447 667 477 Librarum
686 445 725 480 ὠ·
741 446 838 484 septem
856 446 1020 485 Solidorum,
1039 450 1073 480 de
1090 458 1149 480 tota
1163 450 1208 480 illa

143 487 283 518 Recioria
306 490 339 519 ὃ(
362 486 487 517 Ecclesia
512 485 547 515 de
567 485 716 514 Buckland
734 489 824 514 Bruer
844 486 873 515 in
891 486 970 516 dieto
986 486 1135 518 Comitatu
1150 491 1209 517 De-

142 526 226 564 νυνί,
247 536 317 556 cum
337 524 459 562 Capellis
478 523 514 553 de
534 523 772 560 Buckleworthie‚
800 523 1026 562 Eastputtforde,
1052 526 1209 555 Bradwor-

141 564 218 602 thie,
237 567 379 600 Pancras,
398 562 494 598 Wyke,
509 561 645 591 Shebbare
666 560 704 595 &-
725 561 881 599 Shipwafhe
903 562 932 591 in
953 562 1034 593 dieto
1058 563 1209 595 Comitatu

142 603 272 669 Devorf’,
290 601 374 631 nobis
393 600 554 631 Heredibus
567 601 601 632 ὃ(
615 600 830 631 Successoribus
849 599 953 631 nostris
969 603 1136 633 exeuntium
1152 603 1208 634 five

141 641 230 672 solubi
244 641 304 669 ium
314 651 320 656 ·

182 678 227 707 Ac
248 663 343 708 totuin
359 677 442 708 illurn
456 677 605 708 annualem
620 676 781 707 Redditum
797 677 853 707 five
868 676 999 708 Feodum
1020 676 1138 709 firmum
1153 688 1205 708 no-

143 715 249 754 strum,
268 719 383 753 triginta
404 719 487 747 trium
510 717 660 746 Librarum
681 714 719 749 &⁶
747 715 832 744 decem
853 713 1017 753 solidorum,
1035 716 1070 747 de
1083 725 1146 748 tota
1163 716 1209 747 illa

141 754 279 785 Rectoria
304 756 337 784 ὃ(
357 753 483 786 Ecclesia
508 755 543 784 de
564 757 739 790 Fremington
761 755 790 783 in
812 754 891 784 diCto
912 753 1064 785 Comitatu
1081 756 1208 794 Devon'‚

140 793 224 861 {iobis
248 792 412 824 Heredibus
432 795 466 825 &
488 792 706 824 Successoribus
726 791 827 822 nostris
851 793 1015 823 exeuntium
1032 793 1090 825 five
1102 794 1207 825 solubi-

153 841 226 862 rum·

179 855 229 900 Ac⁷
248 878 345 901 toturn
369 870 448 900 illum
470 869 620 900 annualem
644 868 806 899 Redditum
830 869 884 900 five
903 869 1032 900 Feodum
1049 870 1138 901 Firm’
1153 881 1208 901 no-

141 906 248 946 strum,
264 909 467 950 quatuordecim
482 907 634 938 Librarum
650 907 790 947 tresdecim
803 907 951 937 Solidorum
965 907 1003 943 ό
1018 917 1134 950 quatuor
1150 913 1208 939 De-

140 951 282 977 uariorum
293 971 303 986 ,
321 948 359 978 de
383 955 443 978 tota
468 947 511 977 illa
535 947 672 978 Reetoria
692 947 727 976 de
745 950 907 976 Bovitracie
919 948 946 976 in
961 947 1042 977 dicto
1060 947 1207 979 Comitatu

139 985 273 1025 Devon’,
291 996 325 1017 ac
349 985 384 1017 de
412 986 549 1016 omnibus
576 985 707 1016 Decimis
729 985 893 1016 Garbarum
911 987 996 1016 totius
1013 985 1155 1016 Parochie
1171 986 1208 1016 de

137 1026 303 1063 Bovitracie
318 1023 446 1063 predi&a
456 1047 465 1061 ,
485 1025 569 1054 nobis
581 1023 745 1055 Heredibus
761 1025 794 1055 &
809 1024 1026 1055 Succelsoribus
1039 1024 1142 1054 nostris
1158 1033 1207 1055 ex⁴

138 1063 271 1094 euntium
288 1063 346 1094 five
362 1063 542 1102 solubilium3

175 1101 219 1131 Ac
243 1109 337 1132 totum
360 1101 443 1132 illum
464 1101 616 1132 adnualem
637 1101 802 1132 Redditum
823 1101 879 1131 five
903 1100 1031 1130 Feodum
1049 1100 1137 1130 Firm’
1153 1111 1208 1131 no-

139 1139 247 1179 strum,
265 1140 451 1171 novemdecim
468 1140 619 1170 Librarum
630 1163 638 1178 ,
656 1140 692 1170 de
710 1148 775 1170 toto
791 1139 874 1170 Scitu
890 1138 1028 1180 Re&orie
1041 1139 1078 1168 de
1092 1142 1208 1177 Buripo-

138 1190 225 1219 merye
247 1179 276 1208 in
298 1179 378 1209 dieto
396 1178 547 1209 Comitatu
562 1178 691 1216 Devon',
710 1179 792 1208 nobis
807 1176 967 1207 Heredrbus
983 1178 1016 1208 &
1029 1176 1206 1208 Successori-

140 1218 192 1248 bus
207 1217 310 1248 nostris
324 1218 491 1249 exeuntium
507 1217 564 1248 five
577 1217 755 1254 solubilium3

180 1256 224 1286 Ac
246 1264 343 1287 totum
368 1256 449 1286 illum
467 1255 617 1286 annualem
644 1254 802 1284 Redditum
824 1253 880 1283 five
896 1253 1026 1284 Feodum
1047 1252 1133 1283 Firm’
1148 1263 1204 1284 no-

140 1293 248 1332 strum,
264 1293 396 1333 sexdecim
421 1293 590 1330 Librarum,
610 1292 646 1322 de
669 1300 730 1322 tota
749 1292 885 1321 Renoua
901 1292 936 1321 de
950 1291 1160 1331 Brodhempston
1176 1294 1205 1323 in

139 1332 219 1362 dieto
237 1333 392 1364 Comitatu
410 1331 538 1368 Devon',
556 1340 589 1359 ac
606 1329 641 1360 de
653 1330 791 1359 omnibus
811 1330 961 1367 Decimis,
981 1340 1036 1361 tam
1053 1331 1205 1368 majoribus

138 1381 224 1406 quam
242 1372 419 1408 minoribus,
438 1369 536 1400 Terris
551 1367 718 1399 Glebalibus
734 1368 823 1399 Pratis
839 1367 949 1398 Pascuis
964 1369 1084 1400 pasturis
1096 1371 1130 1401 ὅ(
1147 1369 1204 1400 aliis

139 1409 409 1440 Commoditatibus
430 1406 644 1445 quibuscunque
660 1429 669 1443 ‚
697 1406 792 1437 eidem
820 1406 958 1437 Rectene
981 1409 1204 1446 pertinentibus,

138 1449 224 1478 nobis
245 1445 407 1478 Heredibus
427 1446 459 1476 &
484 1445 700 1476 Successoribus
719 1445 823 1476 nostris
845 1447 1011 1478 exeuntium
1032 1447 1086 1478 five
1101 1446 1205 1477 solubi-

138 1487 227 1521 lium,-

177 1524 222 1554 Ac
246 1530 340 1553 toturn
365 1522 445 1553 illum
463 1521 612 1553 annualem
636 1521 799 1554 Redditum
824 1521 878 1552 five
902 1523 1035 1553 Feodum
1050 1522 1136 1553 Firm'
1152 1533 1206 1554 no-

139 1561 230 1593 strum
240 1584 250 1597 ,
268 1565 373 1599 viginti
395 1560 548 1592 Librarum
558 1584 567 1599 ‚
587 1560 623 1590 de
635 1561 772 1591 omnibus
786 1561 835 1590 illis
852 1562 984 1591 Decimis
998 1561 1161 1593 Garbarum
1175 1563 1205 1593 in

141 1600 279 1631 Parochia
303 1600 338 1630 de
360 1602 496 1631 Otterton
510 1601 539 1630 in
555 1599 688 1639 medidie
705 1598 856 1630 Comitatu
871 1601 1001 1638 Devon',
1019 1601 1105 1631 nobis
1116 1600 1206 1632 Hete-

139 1639 223 1670 dibus
238 1639 271 1669 &
290 1638 505 1670 Succefforibus
518 1638 618 1668 nostris
633 1639 797 1668 exeuntium
815 1638 869 1669 five
886 1639 1060 1670 solubilium·

176 1677 223 1709 Ac
242 1685 340 1708 toturn
366 1678 448 1708 illurn
470 1678 621 1708 annualem
646 1676 807 1707 Redditum
831 1677 888 1707 five
906 1678 1036 1708 Feodum
1052 1661 1138 1708 ivirm’
1153 1688 1206 1709 no-

140 1716 250 1754 strum,
264 1723 371 1747 centum
394 1715 565 1753 Librarum,
584 1715 619 1745 de
639 1715 776 1745 omnibus
797 1716 830 1747 &
852 1716 1031 1746 omnimodis
1045 1715 1208 1748 Generibus

139 1754 332 1786 Decimarum
355 1754 391 1785 de
414 1755 513 1785 Terris
532 1755 565 1785 ὃ(
584 1754 774 1784 Tenementis
796 1756 965 1794 nuncupatis
978 1755 1076 1785 Terris
1089 1756 1121 1785 &
1137 1754 1208 1785 Pos-

139 1793 305 1825 seffionibus
327 1793 424 1823 Sanbli
446 1795 617 1830 Laurentii,
635 1802 668 1822 ac
690 1793 726 1823 de
751 1793 888 1823 omnibus
903 1796 937 1825 &
953 1794 1132 1824 omnimodis
1147 1794 1206 1824 aliis

140 1831 276 1864 Decimis
288 1841 446 1871 granorum
461 1831 532 1862 infra
546 1831 719 1862 Parochiam
735 1830 771 1861 de
783 1832 930 1869 creditori,
949 1841 983 1862 ac
1004 1841 1092 1870 nuper
1107 1833 1125 1851 ⁴*
1135 1831 1206 1863 Col-

139 1871 165 1902 le
189 1872 216 1902 io
239 1872 275 1902 de
298 1870 441 1900 Credition
465 1870 529 1901 alias
549 1871 670 1907 Kirton‚
696 1871 917 1909 pertinentibus,
940 1871 973 1901 ὃ(
998 1871 1152 1909 perquisitis
1171 1871 1208 1902 de

139 1910 168 1940 T
183 1921 243 1940 oma
263 1916 347 1948 nuper
361 1911 479 1939 Domino
491 1911 584 1948 Darcy
601 1909 629 1938 in
643 1907 725 1939 dicto
741 1907 890 1940 Comitatu
905 1908 1030 1946 Devon',
1048 1909 1133 1941 nobis
1145 1909 1209 1941 He-

139 1949 254 1980 redibus
272 1949 306 1979 ὅ(
321 1947 535 1978 Successoribus
551 1947 650 1977 nostris
664 1948 829 1978 exeuntium
848 1948 903 1979 five
917 1947 1094 1985 solubilium3

179 1987 225 2018 Ac
247 1995 343 2017 totum
363 1986 444 2018 illum
463 1985 618 2016 annualem
640 1984 802 2016 Redditum
821 1986 877 2018 five
895 1985 1028 2016 Feodum
1051 1986 1140 2016 Firm’
1154 1997 1207 2018 no·

141 2025 234 2056 strum
245 2049 254 2063 ,
270 2031 376 2055 centum
390 2023 428 2060 ὠ·
435 2024 489 2065 fix
508 2024 658 2055 Librarum
674 2035 772 2054 novem
786 2025 933 2055 Solidorum
950 2022 987 2058 ὠ
1000 2023 1054 2064 fi’x
1070 2026 1207 2056 Denario-

140 2075 221 2102 rum,
237 2065 274 2094 de
294 2063 442 2094 Dominio
465 2064 499 2094 &
524 2061 660 2094 Manerio
681 2061 718 2093 de
742 2066 864 2094 Pawton
886 2065 914 2094 in
939 2062 1091 2094 Comitatu
1108 2065 1210 2096 nostro

140 2103 288 2140 cornubie,
303 2101 387 2133 nobis
400 2100 564 2133 Heredibus
579 2103 611 2134 &
623 2101 841 2133 Succefforibus
853 2102 956 2133 nostris
969 2103 1137 2134 exeuntium
1152 2104 1209 2136 five

139 2141 303 2173 solubilium
313 2152 324 2180 3

178 2180 225 2211 Ac
246 2187 346 2211 totum
367 2179 448 2210 illum
469 2179 618 2211 annualem
641 2178 800 2210 Redditum
824 2179 881 2210 five
901 2178 1033 2210 Feodum
1048 2179 1136 2210 Firm'
1151 2191 1207 2212 no-

140 2218 234 2250 strum
251 2241 262 2257 ,
287 2221 393 2256 viginti
415 2217 582 2257 Librarum,
606 2217 642 2248 de
663 2218 801 2249 omnibus
824 2219 858 2250 &
880 2218 1056 2249 omnimodis
1076 2219 1209 2250 Decimis

140 2256 306 2288 Garbarum
330 2257 363 2288 &
387 2255 554 2288 Granorum
570 2280 580 2295 ,
605 2258 713 2287 vocatis
734 2256 781 2286 the
805 2255 921 2294 Tithing
945 2256 1046 2297 Shefe,
1071 2259 1207 2289 omnium

141 2295 331 2333 Granorum,
349 2295 480 2326 videlicet
496 2296 601 2326 Tritici
615 2295 716 2326 hordei
732 2296 873 2335 siliginum
889 2297 922 2326 &
935 2305 1088 2327 avenarum
1104 2307 1209 2328 annua-

141 2335 211 2372 tim,
229 2335 262 2365 &
288 2334 324 2364 de
343 2342 472 2372 tempore
487 2334 518 2364 in
532 2342 644 2373 tempus
660 2335 887 2371 provenientium
899 2335 1092 2365 accidentium
1107 2336 1153 2366 seu
1169 2346 1211 2366 re-

139 2373 312 2404 novantium
327 2373 398 2403 infra
415 2372 587 2404 Parochiam
601 2373 636 2403 de
657 2374 789 2403 Lanrack
807 2374 836 2402 in
849 2373 930 2403 diCto
943 2373 1092 2404 Comitatu
1106 2378 1209 2405 Cornu-

139 2408 303 2480 ¹hiesl-nobis
324 2410 489 2442 Heredibus
512 2412 547 2443 &
572 2411 789 2442 Succefforibus
803 2411 904 2442 nostris
915 2413 1081 2443 exeuntium
1097 2413 1154 2444 five
1168 2414 1212 2445 so-

151 2460 169 2480 u
192 2458 294 2487 rrum,

178 2488 224 2519 Ac
240 2495 338 2518 toturn
358 2486 440 2518 illum
464 2487 617 2520 annualem
643 2488 801 2520 Redditum
826 2488 883 2518 five
902 2489 1030 2520 Feodum
1049 2489 1139 2520 Firm’
1154 2500 1210 2521 no-

139 2524 252 2566 strum,
271 2529 376 2563 viginti
389 2529 469 2556 unius
484 2527 635 2556 Librarum
645 2537 744 2557 novem
760 2526 907 2558 Solidorum
924 2527 962 2563 ὠ»
979 2535 1099 2569 quatuor
1111 2531 1211 2558 Dena-

140 2568 261 2603 riorum,
279 2564 316 2594 de
337 2564 476 2596 Renoua
497 2564 534 2595 de
555 2565 727 2603 erington
751 2567 781 2596 in
796 2566 877 2596 dieto
903 2566 1055 2598 Comitatu
1081 2568 1212 2597 cornubie

141 2614 176 2635 ac
194 2604 230 2635 de
243 2604 382 2634 omnibus
395 2602 527 2634 Decimis
539 2604 703 2635 Garbarum
724 2604 803 2635 Lane
820 2605 1008 2643 Agnellorum
1025 2607 1057 2637 &
1072 2606 1130 2636 aliis
1148 2606 1211 2637 De-

141 2643 229 2673 cimis
248 2641 345 2673 eidem
361 2642 517 2679 Restorie,
536 2653 605 2673 cum
628 2641 746 2682 Capella
758 2644 853 2674 Sanffl
868 2644 978 2681 Egidii,
998 2645 1026 2674 in
1045 2644 1126 2675 dieto
1143 2645 1207 2676 Co-

139 2681 243 2712 mitatu
258 2680 390 2711 Cornubie
405 2681 628 2718 pertinentibus,
644 2692 677 2712 ac
690 2681 726 2711 de
741 2683 877 2712 omnibus
897 2683 1027 2713 Decimis
1043 2682 1208 2714 Garbarum

141 2716 212 2750 Feni
235 2720 269 2750 &
289 2719 348 2750 aliis
370 2720 486 2749 minutis
501 2719 633 2751 Decimis
648 2719 741 2750 Terre
757 2724 864 2751 Barton
880 2723 913 2753 &
930 2721 1102 2760 Wolrington
1118 2723 1208 2760 predi-

143 2757 189 2788 eta
205 2759 235 2788 in
251 2757 333 2789 dieto
348 2756 498 2789 Comitatu
512 2759 642 2788 Cornubie
651 2782 661 2798 ,
679 2759 760 2790 nobis
774 2759 936 2791 Heredibus
949 2761 982 2791 &
996 2760 1210 2793 Succefloribus

133 2794 248 2827 'nostris
262 2797 429 2827 exeuntium
444 2797 499 2828 five
513 2797 693 2836 solubilium,

182 2834 227 2865 Ac
255 2843 349 2865 totum
373 2835 454 2866 illurn
477 2836 625 2867 annualem
652 2835 812 2867 Redditum
830 2836 886 2867 five
902 2837 1032 2868 Feodum
1053 2838 1142 2869 Firm'
1156 2849 1210 2869 no-

145 2870 246 2908 strum,
260 2875 362 2910 viginti
381 2873 531 2903 Librarum
545 2874 581 2905 de
596 2874 734 2906 Redtoria
748 2875 783 2906 de
797 2876 923 2914 Enoder,
938 2878 970 2908 ὃ(
988 2877 1119 2908 Decimis
1134 2877 1207 2909 Gar-

144 2911 247 2941 barum
269 2911 342 2941 infra
371 2912 544 2943 Parochiam
569 2913 604 2943 de
625 2913 740 2943 Enoder
764 2913 888 2950 prediCta
909 2916 938 2944 in
958 2916 1038 2946 dieto
1059 2916 1212 2948 Comitatu

146 2947 397 3016 Corpulbtgprnobis
419 2949 583 2981 Hei-edibus
601 2952 634 2984 &
648 2951 864 2983 Succefforibus
879 2952 980 2984 nostris
995 2957 1160 2985 exeuntium
1178 2956 1209 2986 fi-

149 2996 185 3017 ve
210 2996 258 3016 ou
281 2996 379 3025 rium,

188 3024 232 3055 Ac
255 3032 347 3055 totum
370 3025 448 3056 illum
468 3027 616 3058 annualem
641 3027 797 3058 Redditum
817 3029 874 3059 five
897 3029 1029 3060 Feodum
1046 3030 1136 3062 Firm'
1156 3043 1210 3063 no-

149 3062 239 3094 strum
249 3086 258 3100 ,
276 3066 379 3101 viginti
401 3064 515 3095 duarum
528 3066 679 3096 Librarum
697 3067 733 3096 de
745 3069 884 3098 omnibus
898 3068 1032 3099 Decimis
1048 3069 1210 3102 Garbarum

148 3102 317 3132 Granorum
342 3102 375 3133 &
404 3101 474 3132 Feni
496 3104 575 3134 Lane
598 3104 666 3134 Lini
687 3104 814 3136 Canabis
833 3108 867 3137 &
884 3106 1084 3146 Agnellorum‚
1105 3111 1137 3140 ὅ(
1153 3110 1210 3140 aliis

147 3139 280 3171 Decimis
295 3139 511 3185 quibuscunque
527 3151 596 3172 cum
610 3152 711 3172 eorum
727 3145 897 3180 pertinentiis
913 3147 1056 3184 universis,
1072 3147 1211 3180 Reetorie

147 3180 182 3210 &
194 3178 318 3209 Ecclefie
333 3177 494 3209 Parochlali
511 3183 627 3209 omnium
648 3183 810 3212 Sanetormn
825 3183 862 3213 de
878 3185 1014 3214 Wendron
1031 3186 1064 3216 &
1077 3188 1191 3217 Stedian
1201 3210 1210 3226 ‚

147 3225 195 3247 aut
216 3227 320 3262 eorum
339 3217 418 3248 alteri
427 3239 440 3261 ⁵.
454 3218 484 3247 in
510 3218 591 3250 dieto
611 3218 760 3251 Comitatu
779 3222 913 3252 cornubie
935 3225 1140 3262 pertinentibus
1166 3228 1210 3258 vel

147 3255 353 3295 spectantibus,
370 3256 454 3287 nobls
471 3255 634 3288 Heredibus
648 3258 682 3289 ὅ(
696 3258 911 3292 Successoribus
926 3262 1030 3293 nostris
1046 3266 1209 3297 exeuntium

147 3295 206 3326 five
221 3294 401 3331 solubilium

186 3332 232 3363 Ac
254 3340 350 3363 totum
368 3332 451 3364 illum
474 3334 624 3366 annualem
646 3334 804 3367 Redditum
829 3338 885 3368 five
899 3338 1032 3370 Feodum
1051 3339 1074 3370 F
1077 3341 1140 3371 irm'
1155 3351 1206 3372 no-

147 3369 255 3416 strum,
273 3373 375 3408 viginti
393 3371 544 3415 Librarum
558 3372 594 3404 de
610 3375 748 3405 omnibus
764 3375 897 3406 Decimis
918 3377 1082 3409 Garbarum
1097 3379 1209 3411 [aceto-

146 3419 189 3440 rie
207 3410 244 3441 de
262 3413 387 3439 Lanowc·
409 3410 473 3440 alias
496 3412 602 3449 Kewe,
620 3413 648 3442 in
671 3413 753 3444 dieto
777 3414 929 3447 Comitatu
952 3417 1102 3456 cornubie,
1125 3420 1209 3450 nobis

145 3447 310 3479 Heredibus
325 3449 357 3479 &
372 3447 584 3491 Succefforibus
599 3450 699 3482 nostris
715 3454 878 3484 exeuntium
895 3455 940 3486 seu
953 3455 1133 3494 solubilium

187 3486 234 3518 Ac
258 3495 353 3517 totum
372 3486 451 3516 illum
476 3487 624 3518 annualem
648 3488 808 3522 Redditum
828 3492 883 3524 five
906 3493 1035 3524 Feodum
1050 3495 1137 3526 Firm’
1153 3507 1206 3527 no·

149 3525 254 3562 strum,
271 3528 473 3568 quinquaginta
486 3524 537 3569 sex
559 3526 710 3557 Librarum
732 3531 911 3561 novemdecim
935 3532 1084 3563 solidorum
1104 3532 1142 3568 (ῥ’
1150 3535 1205 3573 [ἐκ

150 3565 352 3602 neumarum,
369 3563 405 3594 de
427 3564 562 3594 omnibus
585 3564 705 3596 decimis
718 3568 866 3604 garbarum
881 3570 1024 3601 Regu->riis
1039 3572 1074 3603 de
1090 3574 1207 3604 Bodmin

150 3602 293 3643 Minfrith
314 3602 457 3642 Padfiowe
479 3601 518 3637 ὠ
539 3602 676 3633 Cutberth
692 3605 721 3635 in
735 3605 816 3636 dieto
829 3607 980 3640 Comitatu
997 3611 1128 3640 cornubie
1162 3612 1207 3643 seu

149 3650 250 3672 earum
270 3642 353 3672 alicui
376 3641 565 3679 speetantibus
587 3641 644 3671 five
659 3643 875 3683 pertinentibus,
895 3657 966 3677 cum
979 3650 1113 3685 portione
1130 3635 1208 3681 c’leci-

152 3688 263 3710 marum
285 3681 314 3710 in
338 3679 505 3718 Trenewghe
518 3680 546 3710 in
559 3679 639 3710 dieto
656 3679 808 3712 Comitatu
821 3685 970 3724 cornubie,
988 3687 1072 3717 nobis
1084 3687 1208 3720 Heredi-

149 3718 201 3747 bus
216 3719 249 3749 δε
262 3718 477 3749 Successoribus
491 3717 594 3748 nostris
610 3720 771 3748 exeuntium
786 3720 842 3751 five
854 3722 1036 3763 solubilium,

190 3755 236 3785 Ac
256 3765 355 3787 totum
377 3757 457 3788 illum
478 3757 625 3787 annualem
649 3756 809 3787 Redditum
831 3759 886 3790 five
908 3762 1038 3793 Feodum
1052 3764 1139 3795 Firm'
1155 3777 1208 3797 no-

152 3792 258 3832 strum,
275 3798 378 3831 viginti
393 3799 472 3826 unius
487 3795 637 3825 Librarum
654 3795 692 3830 &
705 3796 815 3826 duorum
829 3800 1009 3830 Denariorum
1021 3824 1030 3839 ,
1048 3802 1084 3832 de
1098 3803 1209 3835 Retsto-

150 3831 190 3862 rie
211 3831 247 3861 de
268 3833 429 3872 Launoells,
448 3844 481 3865 ac
504 3835 539 3865 de
559 3834 695 3864 omnibus
713 3835 843 3873 garbariis
859 3837 891 3866 ὃ(
905 3837 965 3868 aliis
980 3839 1097 3870 decimis
1110 3845 1210 3881 garba-

151 3879 221 3912 rum
248 3879 405 3906 granorum
439 3872 501 3903 lane
525 3875 558 3905 ὃ(
581 3873 756 3911 agnellorum
772 3897 780 3909 ‚
814 3883 846 3904 ac
870 3876 987 3905 minutis
1012 3878 1134 3910 decimis
1160 3893 1211 3912 an-

148 3916 255 3951 nuatim
275 3908 308 3939 &
329 3908 366 3938 de
389 3918 522 3948 tempore
540 3912 570 3942 in
590 3920 703 3948 tempus
724 3912 914 3942 crescentibus
936 3913 992 3943 five
1020 3920 1210 3953 provenienti-

149 3945 295 3989 bustinfra
316 3946 486 3990 Parochiam
507 3950 543 3981 de
564 3949 711 3980 Launcells
735 3951 762 3979 in
787 3951 866 3981 dicto
891 3950 1043 3983 Comitatu
1066 3957 1198 3988 cornubie

149 3984 234 4053 {iobis
256 3983 418 4016 Heredibus
439 3988 473 4018 &
491 3987 709 4020 Succefforibus
729 3988 831 4020 nostris
855 3991 1018 4021 exeuntium
1034 3991 1091 4025 five
1109 3983 1213 4028 solubil

164 4032 222 4054 ium
234 4034 245 4061 ;

191 4064 266 4091 Tom.
283 4061 374 4092 VIII.
400 4063 435 4092 P.
448 4064 492 4093 ΙΙ.

2261 156 2312 201 57

1289 218 1332 250 Ac
1354 227 1449 266 toturn
1470 221 1549 252 illum
1575 224 1721 255 annualem
1744 224 1904 259 Redditum
1924 228 1981 262 five
1994 228 2127 262 Feodum
2147 230 2235 262 Firm'
2251 241 2303 262 no-

1250 256 1340 287 strum
1350 280 1368 301 ,·
1379 262 1495 294 triginta
1511 264 1627 302 quinque
1640 264 1807 301 Librarum,
1824 266 1859 295 de
1875 269 2010 299 omnibus
2024 270 2142 301 decimis
2156 271 2304 307 garbarum

1249 295 1387 326 Re&or1e
1413 299 1445 326 ὅ(
1470 295 1650 341 ῌεείείιειάε
1672 301 1785 338 Lillerd
1805 303 1837 332 ὃ(
1861 304 1980 335 Talland
1998 308 2028 337 in
2049 309 2129 338 dicio
2155 309 2304 338 Comitatu

1247 334 1391 402 ῗῖνφὲςῗιε,
1410 334 1493 364 nobis
1505 333 1663 367 Heredtbus
1680 339 1712 368 ὃ(
1724 338 1936 372 successoribus
1952 345 2054 375 nostris
2067 350 2234 377 exeuntium
2249 347 2306 378 five

1258 381 1432 408 ourmm,

1288 411 1333 440 Ac
1353 419 1448 441 toturn
1466 409 1544 439 illum
1557 412 1709 441 annualem
1720 410 1877 445 Redditum
1894 417 2021 449 nostrum
2051 426 2204 460 nonaginta
2221 426 2305 453 trium

1247 449 1396 478 Librarum
1410 447 1449 484 &⁴
1465 456 1582 488 quatuor
1600 449 1763 488 Solidorum,
1779 453 1973 485 reservatarurn
1990 453 2031 487 de'
2045 453 2178 490 Maneriizz
2192 463 2228 492 de
2242 462 2304 491 Ed-

1248 488 1358 524 dington
1383 487 1506 530 Romefi’y
1528 487 1683 530 Tapynehed
1701 491 1813 526 Graung
1831 492 1865 522 de
1881 496 1988 523 Barton
2004 494 2125 534 Capitali
2141 499 2302 531 Meffuaoio

1247 526 1283 556 de
1304 524 1469 565 Stepleaston
1490 535 1519 554 in
1543 524 1623 555 dieto
1637 526 1783 557 Comitate
1798 528 1896 558 nostro
1911 533 1952 559 W
1953 532 2052 600 iltgfie,
2068 545 2100 565 ac
2118 538 2152 566 de
2168 523 2303 568 Marmei-'10

1246 564 1282 594 de
1296 562 1491 602 Eastpennard
1503 563 1536 593 ὃ(
1558 563 1777 601 Westmunckton
1792 566 1821 595 in
1839 567 1967 604 predfflio
2002 570 2131 604 ‘ornitatu
2146 576 2243 605 nostro
2257 581 2306 606 So-

1246 601 1360 642 merset,
1382 612 1416 633 ac
1435 603 1472 632 de
1495 600 1629 632 Manerio
1642 603 1678 632 de
1692 602 1842 634 Stockland
1859 607 1888 635 in
1902 607 2028 644 predicito
2044 609 2190 643 Comitatu
2206 614 2305 645 nostro

1246 639 1349 680 Dorset
1364 663 1373 677 ‚
1397 650 1431 671 ac
1453 640 1489 670 de
1514 639 1676 679 Meffuagio
1698 641 1794 672 Terris
1817 644 1850 674 &
1872 642 2061 677 Tenementis
2083 649 2111 677 in
2134 651 2157 681 le
2182 652 2305 684 pai-cella

1247 678 1372 708 Manerii
1391 679 1427 709 de
1448 677 1587 717 Romesey,
1606 688 1639 709 ac
1659 679 1694 710 de
1718 679 1854 712 Manerio
1876 682 1913 710 de
1935 683 2111 722 Geddesfeild
2126 689 2153 717 in
2175 691 2303 726 predic-”to

1246 714 1397 748 Comitatu
1419 717 1519 747 nostro
1540 716 1755 757 Southampton‚
1773 728 1807 749 ac
1827 718 1863 748 de
1878 721 2056 757 Rottingham
2075 725 2181 755 Barnes
2197 728 2223 756 in
2241 728 2305 758 Co-

1245 756 1344 786 mitatu
1367 754 1466 785 nostro
1491 755 1663 798 Middlcsex‚
1680 766 1714 786 ac
1731 757 1797 787 inde
1810 759 1894 788 nobis
1909 757 2073 791 Heredibus
2086 762 2119 792 ὃ(
2135 763 2305 797 Success'ori-

1245 794 1299 823 bus
1313 793 1413 824 nostris
1427 795 1592 825 exeuntium
1609 796 1665 824 five
1680 794 1862 834 solubilium3

1279 832 1325 863 Ac
1346 840 1443 863 totum
1462 832 1544 862 illum
1566 833 1714 863 annualem
1740 833 1901 865 Redditum
1926 834 1982 865 five
2004 835 2136 867 Feodum
2151 838 2304 870 Firm'no-

1246 869 1355 910 strum,
1373 873 1476 908 viginti
1487 869 1766 914 septem'Librarum
1785 870 1823 907 &³
1849 873 1935 903 decem
1955 873 2108 905 Solidorum
2125 876 2160 906 de
2174 879 2308 910 omnibus

1246 910 1297 939 illis
1315 909 1413 940 Terris
1425 910 1616 940 Tenementis
1628 910 1661 940 ὃ(
1672 909 1916 943 Hereditamentis
1930 913 1958 942 in
1975 912 2082 951 Wston
2095 915 2127 945 &
2138 915 2310 955 Pinchbecke,

1246 948 1275 978 in
1297 946 1446 978 Comitatu
1469 948 1567 978 nostro
1589 947 1731 986 Lincoln’,
1750 950 1834 980 nobis
1857 950 2023 982 Heredibus
2046 952 2080 982 δε
2095 952 2310 985 Succefforibus

1247 985 1352 1016 nostris
1365 987 1529 1017 exeuntium
1544 986 1601 1018 five
1613 987 1778 1018 solubilium
1791 999 1802 1026 ε,

1284 1024 1330 1055 Ac
1352 1032 1446 1055 totum
1471 1024 1551 1054 illum
1573 1026 1724 1056 annualem
1747 1026 1909 1067 Redditum
1931 1027 1989 1058 five
2005 1028 2138 1060 Feodum
2154 1030 2242 1060 Firm'
2258 1041 2311 1062 no-

1244 1061 1353 1100 strum,
1371 1064 1429 1092 0630
1456 1063 1608 1092 Librarum
1630 1064 1666 1094 de
1687 1063 1800 1095 duobus
1816 1064 1999 1097 Molendinis
2013 1068 2042 1098 in
2058 1070 2169 1099 Bourne
2184 1070 2213 1099 in
2229 1070 2309 1101 ditio

1244 1100 1396 1131 Comitatu
1418 1101 1518 1131 nostro
1540 1101 1685 1140 Lincoln',
1702 1103 1798 1134 vocat’
1815 1104 1966 1143 Easlmilne
1983 1107 2017 1137 &
2032 1106 2187 1146 Wstmilne
2225 1110 2310 1139 nobis

1244 1139 1264 1158 ⁵*
1274 1139 1435 1170 Heredibus¹
1448 1139 1482 1169 &
1497 1140 1711 1171 Successoribus
1726 1141 1828 1172 nostris
1845 1145 2011 1174 exeuntium
2028 1144 2085 1176 five
2100 1130 2279 1186 solubilium,

1282 1178 1328 1208 Ac
1351 1186 1448 1209 totum
1471 1178 1551 1208 illum
1573 1178 1721 1209 annualem
1745 1180 1907 1212 Redditum
1924 1182 1982 1213 five
1996 1182 2130 1214 Feodum
2152 1184 2308 1217 Firm'no-

1246 1215 1354 1255 strum,
1374 1215 1511 1254 tresdecim
1527 1216 1676 1260 Librarum
1690 1216 1728 1252 ὠ
1743 1220 1830 1248 decem
1843 1219 1996 1251 Solidorum
2009 1221 2046 1252 de
2057 1223 2146 1253 tribus
2162 1223 2312 1256 Molendi-

1244 1256 1286 1284 nis
1307 1256 1335 1285 in
1353 1255 1514 1298 qrantham
1530 1264 1557 1284 m
1572 1255 1653 1285 dioto
1669 1255 1819 1288 Comitatu
1835 1258 1980 1297 Lincoln',
1998 1261 2080 1291 nobis
2097 1260 2261 1294 Heredibus
2276 1265 2310 1297 ὅ(

1243 1293 1460 1324 Succefioribus
1475 1292 1575 1323 nostris
1588 1297 1753 1325 exeuntium
1769 1296 1827 1326 five
1844 1297 2025 1336 solubilium,

1282 1332 1327 1362 Ac
1342 1340 1437 1362 totum
1452 1330 1533 1362 illurn
1548 1332 1694 1363 annualem
1710 1332 1875 1366 Redditum
1892 1336 1949 1366 five
1964 1336 2100 1369 Decimas
2113 1339 2237 1378 nostras²
2253 1342 2313 1371 octo

1242 1370 1393 1414 Librarum
1407 1373 1512 1407 viginti
1524 1373 1708 1414 Denqriorum
1722 1370 1760 1407 ὠ
1777 1376 1856 1403 unius
1868 1374 1961 1411 obuli,
1979 1376 2177 1408 reservatarum
2192 1379 2229 1409 de
2244 1379 2312 1411 Ma-

1243 1419 1322 1439 nerto
1341 1409 1378 1439 de
1402 1408 1575 1439 Buckenhall
1593 1419 1623 1440 tn
1645 1411 1727 1442 dicto
1749 1410 1899 1443 Comitatu
1925 1414 2070 1453 Lincoln',
2088 1426 2122 1446 ac
2146 1417 2211 1447 inde
2227 1419 2311 1449 nobis

1242 1447 1404 1478 Heredibus
1420 1448 1452 1478 &
1470 1447 1687 1479 Successoribus
1702 1449 1806 1480 nostris
1821 1452 1989 1483 exeuntium
2002 1453 2057 1485 five
2073 1454 2257 1495 solubilium,

1281 1486 1326 1516 Ac
1351 1494 1423 1517 totas
1445 1485 1504 1516 illas
1522 1485 1659 1518 Decimas
1678 1487 1735 1519 five
1751 1490 1901 1520 annualem
1920 1490 2080 1523 Redditum
2096 1493 2245 1533 nostrum,
2265 1499 2312 1526 vi—

1240 1528 1313 1561 ginti
1334 1524 1450 1554 duarum
1473 1523 1626 1555 Librarum
1648 1524 1853 1565 reservatarum
1873 1529 1909 1559 de
1931 1528 2065 1561 Manerio
2083 1532 2120 1561 de
2135 1533 2259 1572 Berdney
2282 1536 2312 1565 in

1244 1563 1374 1606 predieto
1393 1563 1542 1594 Comitatu
1558 1563 1702 1603 Lincoln’,
1722 1575 1755 1596 ac
1772 1567 1857 1597 nobis
1872 1566 2032 1599 Heredibus
2048 1570 2081 1601 &
2097 1570 2313 1605 Successoribus

1245 1601 1349 1633 nostris
1363 1601 1430 1632 inde
1446 1603 1613 1633 exeuntium
1629 1602 1684 1633 five
1698 1603 1882 1645 solubilium,

1284 1641 1330 1671 Ac
1350 1647 1445 1671 torum
1468 1639 1547 1670 illurn
1570 1642 1718 1672 annualem
1740 1642 1901 1674 Redditum
1929 1644 1986 1675 five
2002 1645 2133 1677 Feodum
2151 1648 2238 1679 Firm’
2258 1659 2313 1680 no-

1246 1677 1337 1709 strum
1349 1701 1358 1716 ,
1391 1678 1578 1719 quadraginta
1602 1678 1708 1718 septem
1738 1682 1888 1712 Librarum
1928 1685 2067 1724 trefiiecim
2096 1685 2243 1717 solidorum
2270 1688 2311 1724 &-

1246 1725 1364 1759 quatuor
1381 1720 1582 1754 Denariorum,
1599 1718 1635 1747 de
1660 1717 1798 1750 Retstoria
1822 1721 1857 1751 de
1882 1724 1992 1752 Barton
2007 1723 2090 1763 fiper
2114 1726 2251 1765 Humber‚
2280 1729 2311 1758 in

1245 1755 1376 1794 predicto
1399 1754 1720 1798 ComitatuflLincoln',
1746 1758 1829 1788 nobis
1850 1759 2013 1792 Heredibus
2038 1765 2072 1794 ὃ(
2095 1763 2313 1797 Succefforibus

1247 1794 1349 1825 nostris
1365 1794 1532 1825 exeuntium
1548 1796 1603 1824 five
1616 1795 1799 1834 solubilium3

1283 1833 1331 1863 Ac
1351 1841 1443 1863 totam
1467 1832 1544 1863 illam
1570 1832 1729 1865 Decimam
1747 1834 1803 1866 five
1820 1835 1974 1867 annualem
1992 1837 2154 1871 Redditum
2170 1841 2317 1881 nostrum,

1247 1874 1349 1909 viginti
1367 1872 1425 1900 odo
1448 1871 1598 1901 Librarum
1617 1872 1767 1912 quindecim
1782 1873 1932 1905 Solidorum
1949 1879 2067 1917 quinque
2081 1881 2264 1909 Denariorum
2277 1880 2317 1915 ὠ·

1247 1913 1325 1941 unius
1341 1909 1424 1941 obuli
1437 1909 1635 1941 reservatarum
1645 1932 1654 1948 ‚
1673 1919 1730 1941 tam
1744 1911 1781 1942 de
1797 1911 1932 1944 Manerio
1945 1917 1981 1945 de
1997 1916 2153 1954 Langtofte
2170 1928 2238 1948 cum
2255 1920 2318 1951 Re-

1246 1949 1335 1979 <storia
1357 1948 1502 1986 ejusdem,
1519 1958 1605 1992 quarn
1629 1949 1665 1979 de
1690 1949 1827 1982 Rectoria
1853 1952 1888 1982 de
1906 1953 2107 1993 Helpringham
2125 1956 2158 1985 ὃ(
2175 1959 2319 1996 Graungia

1245 1988 1281 2018 de
1299 1987 1411 2026 Mallon
1435 1988 1464 2017 in
1482 1986 1611 2026 predieto
1627 1986 1781 2020 Comitatu
1795 1990 1942 2029 Lincoln’,
1959 2002 1991 2022 ac
2006 1994 2091 2024 nobis
2106 1993 2270 2027 Heredibus
2285 1999 2320 2030 ὃ(

1247 2026 1464 2057 Succefforibus
1480 2024 1581 2056 nostris
1592 2027 1756 2058 exeuntium
1771 2028 1827 2059 five
1843 2030 2027 2068 solubilium;

1283 2065 1329 2096 Ac
1349 2071 1447 2095 totum
1469 2065 1553 2095 illum
1573 2065 1724 2097 annualem
1747 2066 1908 2099 Redditum
1931 2068 1989 2099 five
2012 2069 2147 2102 Feodum
2162 2071 2251 2103 Firm'
2266 2085 2321 2106 no-

1247 2103 1356 2141 strum,
1374 2106 1493 2142 triginta
1516 2103 1631 2133 duarum
1645 2104 1799 2135 Librarum
1813 2110 1898 2137 trium
1914 2107 2065 2139 Solidorum
2081 2109 2119 2144 ώ-
2132 2111 2244 2142 duorum
2260 2117 2321 2143 De-

1246 2146 1385 2173 nariorum
1405 2144 1442 2172 de
1463 2141 1601 2173 Rectoria
1621 2142 1656 2173 de
1681 2146 1792 2174 Bourne
1816 2146 1845 2175 in
1871 2147 2004 2183 predffito
2025 2146 2175 2180 Comitatu
2194 2152 2322 2182 Lincoln'

1243 2182 1330 2251 l:iobis
1353 2180 1514 2212 Heredibus
1535 2181 1569 2212 &
1592 2180 1809 2214 Succefforibus
1829 2183 1931 2215 nostris
1954 2187 2119 2217 exeuntium
2139 2189 2195 2220 five
2216 2190 2323 2222 solubi-

1266 2229 1335 2258 um;

1284 2258 1330 2289 Ac
1350 2266 1447 2289 totum
1471 2256 1554 2288 illurn
1574 2258 1726 2290 annualem
1749 2259 1910 2292 Redditum
1936 2262 1994 2294 five
2014 2263 2146 2296 Feodum
2165 2266 2252 2298 Firm’
2267 2273 2325 2299 no-‘

1247 2298 1353 2334 strum,
1380 2295 1567 2337 quadraginta
1591 2297 1707 2328 duarum
1729 2298 1880 2330 Librarum
1896 2299 2087 2340 septemdecim
2108 2304 2259 2336 solidorum
2282 2303 2323 2341 ὀ*

1247 2337 1304 2367 octo
1331 2338 1515 2366 Denariorum
1558 2335 1594 2366 de
1615 2336 1752 2368 Rectoria
1777 2338 1812 2368 de
1836 2342 1936 2369 Sutton
1963 2342 1990 2370 in
2011 2342 2142 2378 predicto
2166 2343 2323 2377 Comitatu

1247 2374 1489 2445 filngiiln'‚-nobis
1501 2358 1664 2406 Heredibus
1678 2376 1712 2408 &
1728 2375 1945 2409 Succefforibus
1961 2380 2065 2411 nostris
2080 2384 2247 2414 exeuntium
2264 2384 2321 2416 fixe

1262 2425 1282 2445 o
1293 2425 1310 2445 u
1335 2422 1428 2443 irum:

1235 2466 1239 2469 ⁴
1289 2452 1335 2483 Ac
1357 2460 1454 2483 totum
1476 2451 1558 2483 illum
1579 2452 1730 2483 annualem
1759 2453 1926 2485 Redditum
1943 2456 2000 2487 five
2016 2457 2148 2490 Feodum
2163 2458 2253 2491 Firm'
2267 2471 2324 2492 no-

1249 2490 1339 2521 strum
1354 2514 1364 2530 2
1387 2494 1492 2528 viginti
1506 2491 1611 2530 septem
1631 2491 1783 2522 Librarum
1806 2493 1944 2532 tresdecim
1967 2494 2117 2527 Solidorum
2140 2497 2178 2533 &
2202 2508 2322 2539 quatuor

1250 2533 1436 2560 Denariorum
1460 2529 1495 2560 de
1513 2528 1654 2560 Rectoria
1671 2530 1707 2561 de
1724 2533 1874 2570 Frampton
1891 2534 1921 2562 in
1936 2535 2065 2571 predielo
2082 2536 2235 2568 Comitatu
2250 2542 2322 2569 Lin-

1249 2568 1335 2638 lobni?
1347 2568 1429 2598 nobis
1445 2567 1608 2599 Heredibus
1621 2569 1654 2600 &
1670 2568 1887 2602 Succefforibus
1901 2572 2006 2603 nostris
2022 2576 2188 2606 exeuntium
2206 2577 2262 2608 five
2276 2579 2323 2609 so-

1264 2618 1279 2638 u
1304 2618 1310 2637 ι
1326 2617 1404 2645 ium,

1288 2646 1334 2677 Ac
1353 2654 1449 2677 totum
1471 2644 1552 2675 illum
1575 2644 1726 2676 annualem
1751 2645 1914 2680 Redditum
1937 2648 1994 2680 five
2016 2649 2147 2682 Feodum
2164 2653 2322 2687 Firm’no-

1249 2684 1356 2722 strum,
1373 2687 1574 2724 quinquaginta
1593 2688 1677 2714 trium
1701 2685 1855 2715 Librarum
1869 2688 2006 2726 ftxdecim
2020 2686 2171 2720 Solidorum
2186 2692 2224 2728 ὠ·
2240 2699 2322 2733 quin-

1248 2735 1299 2765 que
1322 2726 1507 2753 Denariorum
1528 2722 1564 2752 de
1590 2721 1726 2753 Manerio
1749 2724 1785 2754 de
1806 2724 1961 2756 Thorneton
1977 2728 2006 2757 in
2025 2729 2156 2765 predit‘to
2171 2731 2321 2765 Comitatu

1248 2762 1405 2831 Linfollngel,
1422 2763 1506 2792 nobis
1527 2760 1689 2793 Heredibus
1705 2763 1738 2795 ὃ(
1753 2762 1969 2796 Succefforibus
1988 2766 2091 2797 nostris
2105 2771 2270 2801 exeuntium
2285 2772 2321 2804 fi-

1251 2804 1328 2834 velo
1341 2812 1357 2831 u
1380 2811 1386 2830 r
1402 2802 1477 2831 ium·

1287 2841 1331 2870 Ac
1352 2848 1426 2870 totas
1447 2823 1503 2870 ill’as
1526 2838 1666 2870 Decimas
1680 2839 1738 2870 five
1750 2841 1900 2872 annualem
1920 2842 2084 2875 Redditum
2101 2846 2252 2886 nostrum,
2270 2851 2319 2879 vi-

1247 2882 1319 2917 ginti
1332 2879 1388 2908 οὲῗο
1402 2878 1554 2908 Librarum
1572 2878 1769 2909 reservatarum
1787 2879 1823 2909 de
1831 2879 1911 2910 Scitu
1926 2882 1958 2912 ὃ(
1974 2883 2073 2913 Terris
2083 2884 2319 2919 Dominicalibus

1250 2928 1341 2955 nuper
1365 2915 1508 2960 Prioratus
1529 2917 1565 2948 de
1589 2917 1732 2957 Reavesby
1745 2918 1782 2960 'in
1801 2918 1931 2957 predicto
1950 2918 2102 2953 Comitatu
2118 2924 2263 2962 Lincoln’,
2283 2935 2318 2957 ac

1249 2958 1333 3025 lwbbi‘s
1353 2954 1516 2986 Heredibus
1537 2956 1571 2986 ὃς
1586 2955 1807 2987 Successoribus
1821 2956 1922 2988 nostris
1938 2958 2003 2990 inde
2020 2963 2185 2993 exeuntium
2201 2963 2258 2996 five
2272 2965 2319 2995 so-

1261 3007 1278 3026 u
1300 3003 1396 3025 ilum·

1288 3034 1334 3064 Ac
1347 3018 1420 3064 tot⁷as
1436 3031 1494 3062 illas
1508 3030 1644 3063 Decimas
1661 3031 1718 3062 five
1733 3032 1883 3063 annualem
1898 3033 2060 3066 Redditum
2077 3038 2226 3077 nostrum,
2248 3051 2317 3080 qua-

1248 3073 1380 3109 draginta
1402 3070 1552 3101 Librarum
1571 3069 1625 3110 fi’x
1651 3070 1802 3101 Solidorum
1823 3075 1940 3112 quinque
1966 3076 2151 3106 Denariorum
2176 3075 2214 3111 ὠ
2237 3082 2318 3108 unius

1249 3112 1332 3141 Obuli
1352 3110 1550 3140 reservatarum
1573 3110 1609 3140 de
1630 3109 1727 3140 Terris
1751 3110 1785 3140 &
1811 3110 2036 3144 Posserfionibus
2057 3125 2145 3152 nuper
2160 3115 2268 3153 collegii
2281 3117 2314 3146 de

1247 3147 1401 3188 Tatterfizll
1424 3149 1454 3178 in
1480 3148 1612 3186 predidffl
1635 3146 1787 3180 Comitatu
1809 3149 1972 3188 Lincolnie‚
1988 3162 2021 3182 ac
2044 3154 2128 3184 nobis
2150 3154 2315 3186 Heredibus

1247 3189 1281 3220 &
1297 3187 1516 3219 Succefforibus
1530 3186 1631 3217 nostris
1645 3188 1810 3218 exeuntium
1826 3188 1884 3220 five
1896 3188 2078 3229 solubilium3

1286 3228 1332 3258 Ac
1358 3234 1453 3256 totum
1477 3225 1555 3256 illum
1579 3225 1731 3256 annualem
1753 3225 1914 3258 Redditum
1934 3228 1990 3259 five
2010 3229 2139 3260 Feodum
2157 3227 2245 3260 Firm'
2256 3239 2312 3262 no·

1248 3265 1339 3297 strum
1349 3287 1358 3303 ,
1377 3267 1497 3301 triginta
1512 3264 1662 3295 Librarum
1675 3263 1711 3295 de
1724 3264 1862 3296 Rectoria
1876 3266 1912 3296 de
1929 3268 2092 3296 Winterton
2110 3269 2137 3296 in
2153 3268 2233 3298 dieto
2249 3269 2314 3300 Co-

1247 3306 1347 3335 mitatu
1366 3302 1515 3340 Lincoln’,
1535 3304 1619 3334 nobis
1640 3302 1803 3334 Heredibus
1815 3305 1850 3336 δε
1865 3304 2078 3336 Succefforibus
2092 3304 2193 3337 nostris
2205 3316 2312 3339 exeun-

1246 3345 1319 3374 tium
1335 3342 1391 3372 five
1407 3342 1584 3381 solubilium3

1284 3383 1327 3412 Ac
1349 3388 1442 3411 totum
1465 3380 1544 3410 illurn
1569 3379 1720 3411 annualem
1745 3379 1905 3413 Redditum
1929 3381 1984 3411 five
2008 3380 2139 3412 Feodum
2155 3383 2312 3415 Firm'no-

1247 3420 1354 3456 strum,
1372 3422 1475 3456 viginti
1487 3429 1587 3449 novem
1601 3419 1752 3448 Librarum
1766 3423 1849 3449 trium
1864 3419 2010 3449 solidorum
2025 3419 2063 3454 ὠ
2080 3429 2197 3460 quatuor
2211 3425 2310 3452 Denaa

1246 3463 1348 3489 riorum
1366 3458 1401 3488 de
1417 3457 1556 3488 Rectoria
1568 3459 1603 3488 de
1614 3457 1779 3497 Harmeston
1792 3459 1820 3488 in
1840 3458 1970 3496 predicto
1989 3457 2138 3490 Comitatu
2154 3460 2307 3499 Lincolnie,

1244 3499 1329 3528 nobis
1350 3496 1510 3526 Heredibus
1532 3497 1566 3528 &
1588 3496 1806 3527 Succefforibus
1828 3496 1928 3527 nostris
1949 3498 2113 3528 exeuntium
2131 3498 2186 3529 five
2203 3499 2307 3529 solubi-

1243 3537 1327 3567 lium·

1284 3559 1331 3605 Ac’
1354 3582 1449 3604 totum
1473 3573 1553 3603 illum
1573 3572 1723 3604 annualem
1742 3571 1900 3603 Redditum
1924 3571 1979 3601 five
2002 3571 2129 3603 Feodum
2147 3574 2236 3604 Firm’
2250 3584 2305 3606 no·-

1246 3613 1354 3650 strum,
1370 3612 1456 3642 decem
1479 3612 1629 3641 Librarum
1652 3612 1689 3645 ό
1713 3610 1910 3651 quatuordecim
1933 3610 2097 3649 SolMorum,
2117 3614 2153 3643 de
2171 3613 2306 3645 Maneriu

1245 3653 1281 3682 de
1303 3649 1435 3690 Aswicke
1461 3651 1490 3680 in
1507 3650 1634 3686 predicto
1650 3649 1800 3690 Comitatu
1818 3647 1975 3689 Lincolnie,
1997 3651 2079 3680 nobis
2092 3651 2254 3683 Heiedibus
2269 3655 2305 3685 &

1246 3688 1460 3721 Successoribus
1476 3688 1579 3718 nostris
1596 3689 1758 3718 exeuntium
1773 3690 1830 3716 five
1848 3686 2025 3725 lolubiliuni-⁷

1285 3730 1330 3759 Ac
1354 3735 1452 3758 totum
1472 3727 1552 3756 illum
1572 3727 1721 3756 annualem
1742 3724 1901 3755 Redditum
1925 3726 1978 3756 rive
1994 3726 2125 3757 Feodum
2147 3728 2234 3759 Firm’
2250 3739 2305 3760 no-

1248 3767 1338 3797 strum
1349 3789 1358 3803 ,
1375 3776 1474 3796 novem
1490 3764 1641 3794 Librarum
1657 3763 1807 3802 quindecim
1820 3762 1968 3793 Solidorum
1987 3767 2019 3794 ὅ(
2035 3770 2154 3807 quinque
2168 3771 2306 3799 Denarion

1247 3817 1308 3836 rum
1328 3805 1364 3834 de
1386 3803 1520 3833 Renoua
1540 3803 1575 3833 de
1598 3802 1793 3844 SpaldingQin
1815 3803 1945 3838 predicto
1969 3801 2121 3835 Comitatu
2142 3806 2308 3845 Lincolnie‚

1248 3844 1332 3874 nobis
1358 3841 1522 3871 Heredibus
1541 3842 1574 3871 &
1597 3840 1810 3870 Success'orrbus
1834 3839 1937 3870 nostris
1951 3843 2115 3873 exeuntium
2131 3844 2187 3876 five
2202 3845 2308 3876 solubia

1246 3883 1316 3912 lium
1333 3893 1339 3898 ⁷

1288 3905 1342 3950 Ac,
1362 3925 1455 3948 t0tum
1476 3918 1554 3948 illum
1576 3915 1725 3946 annualem
1748 3915 1905 3946 Redditum
1931 3917 1988 3947 five
2002 3917 2133 3950 Feodum
2148 3921 2233 3951 Firm’
2252 3932 2307 3952 no*

1251 3959 1355 3994 strum,
1375 3956 1462 3985 decem
1485 3956 1634 3985 Librarum
1657 3954 1693 3983 de
1714 3955 1849 3984 omnibus
1872 3955 1922 3984 illis
1944 3956 2074 3987 Decimis
2090 3958 2254 3990 Garbafflm
2273 3961 2307 3990 ὃς

1251 3996 1320 4026 Feni
1333 4004 1401 4024 curn
1418 3994 1591 4031 pertinentiis
1604 3992 1734 4022 univerfis
1747 3994 1980 4029 provenientibus
1993 3996 2063 4025 iufra
2073 3997 2234 4028 Manerium
2252 3998 2309 4027 five:

1252 4033 1424 4066 Parochiam
1445 4032 1482 4063 de
1503 4029 1630 4062 Moulton
1653 4031 1683 4060 in
1702 4030 1830 4099 predic&
1849 4032 1999 4065 Comitatu
2022 4035 2171 4074 Lincoln',
2186 4039 2311 4076 exceptis

1812 4094 1816 4097 .
2218 4074 2310 4106 Dec-tq

2331 231 2406 263 Anu.
2421 231 2464 264 ῦς

2357 271 2442 301 1626*

2330 314 2381 337 An.
2397 321 2422 337 2.
2458 336 2461 347 Δ

2328 352 2389 376 αἴ..
2409 352 2435 375 Χι.’

2329 1140 2467 1179 *xv111,

2333 1190 2399 1217 70³-
