2536 4255
771 162 872 203 ET
961 162 1223 203 ACTA

55 254 133 285 Arm.
145 250 188 283 D.
206 251 235 281 in
253 249 335 280 dieto
356 248 506 287 Comitatu
526 249 659 286 Eborum,
675 247 759 278 nobis
770 247 933 278 Heredibus
948 246 1205 279 &Succefforibus
1215 255 1269 276 no—

82 291 169 324 1626.
208 289 269 319 stris
286 289 451 319 exeuntium
471 289 527 320 five
545 288 726 325 solubilium,

243 326 289 358 Ac
309 335 404 357 totum
420 327 499 357 illum
517 326 665 356 annualem
684 325 845 355 Redditum
865 324 922 353 five
942 324 1072 355 Feodum
1087 324 1204 354 firmum
1216 333 1269 353 no-

205 365 295 396 strum
313 369 434 402 triginta
453 368 532 395 unius
550 364 702 393 Librarum
720 363 757 393 de
776 362 913 392 Rei‘toria
933 363 965 393 ὃς
986 363 1105 394 Ecclefia
1126 362 1160 393 de
1180 365 1269 392 Pemi-

1313 160 1793 206 PUBLICA.
2314 179 2364 219 53

1311 245 1396 312 ἓξὲξ
1410 245 1572 279 Heredibus
1591 251 1624 281 &
1640 250 1855 282 Succefforibus
1880 252 1981 283 nostris
2003 251 2167 283 exeuntium
2184 250 2241 281 five
2264 249 2369 281 solubi-
2386 248 2458 316 Αῐὲη.
2469 251 2511 288 D,

1348 306 1507 352 Ac’totum
1527 324 1605 353 illurn
1623 326 1770 356 annualem
1785 325 1942 357 Redditum
1961 328 2016 359 five
2035 328 2167 359 Feodum
2182 326 2299 357 fimum
2314 337 2368 357 no-
2380 290 2487 355 «jn-²5⁹

1310 358 1398 389 strum
1418 363 1523 397 viginti
1538 365 1614 391 unius
1627 364 1794 401 Librarum,
1812 363 1848 392 de
1859 366 1993 395 omnibus
2010 367 2138 397 Decimis
2151 367 2180 396 in
2197 369 2317 395 Marton
2331 365 2364 395 &
2377 369 2441 395 Car.
2459 376 2482 394 1„

53 335 108 359 An.
130 341 156 359 2.

55 373 118 399 Car.
138 379 161 398 i.

197 404 263 444 ston
281 405 311 435 in
330 404 413 435 dieto
434 402 583 433 Comitatu
602 401 739 438 liborum,
760 402 843 430 nobis
862 400 1020 431 Heredibus
1037 404 1070 433 δε
1091 400 1267 432 Successori-

206 446 258 474 bus
279 443 383 474 nostris
402 441 569 472 exeuntium
587 439 645 469 five
661 440 839 476 solubilium,

244 482 287 512 Ac
306 489 399 512 totum
418 479 499 508 illum
516 478 665 508 annualem
680 478 839 508 Redditum
860 476 917 508 five
936 477 1064 507 Feodum
1080 478 1195 508 firmum
1212 488 1267 508 no-

205 519 296 550 strum
318 517 506 558 quadraginta
529 516 646 546 duarum
666 517 816 546 Librarum
826 516 965 555 fixa'ecim
981 516 1127 546 Solidorum
1143 515 1181 551 ό
1197 528 1265 557 qua-

203 566 264 588 tuor
282 558 467 587 Denariorum
481 555 517 584 de
534 554 673 585 Manerio
686 555 722 585 de
736 554 874 593 Romanhy
883 576 893 592 ,
908 564 941 583 ac
956 555 1093 584 omnibus
1104 555 1199 585 Terris
1213 558 1235 586 Γ
1236 566 1264 586 c-

200 596 341 626 nementis
354 595 387 625 &
403 592 646 624 Hereditamentis
663 593 895 632 quibuscunque,
911 602 982 623 cum
997 591 1266 624 Pertinentiisfitua—

201 635 237 664 tis
251 632 412 671 jacentibus
427 633 459 663 δε
479 631 659 662 existentibus
677 633 706 662 in
726 631 864 669 Romanby
883 631 1008 670 prediclm
1022 632 1051 660 in
1068 631 1147 661 dieto
1160 631 1265 662 Comi—

201 680 259 702 tatu
276 670 398 700 Eborum
409 694 418 709 ‚
437 671 521 701 nobis
533 670 695 701 Heredibus
711 673 744 703 δε
754 670 969 701 Succefforibus
986 668 1086 700 nostris
1101 672 1265 701 exeuntium

201 710 259 741 five
278 709 456 749 solubilium,

235 748 283 778 Ac
302 757 398 779 totum
414 748 497 779 illum
510 748 659 779 annualem
679 747 838 778 Redditum
856 747 913 777 five
928 746 1060 777 Feodum
1077 746 1194 777 firmum
1211 758 1263 777 no·

201 786 290 817 strum
311 794 416 817 centum
442 787 480 821 ὠ·
501 795 545 818 tre
559 787 642 816 decim
661 787 811 816 Librarum
825 793 943 827 quatuor
961 784 1111 815 solidorum
1129 784 1167 820 όν
1183 790 1264 826 quin-

201 837 252 865 que
265 829 448 856 Denariorum
467 825 504 855 de
568 826 665 856 anerio
681 825 716 855 de
737 824 835 855 Holme
850 825 880 854 in
903 824 1104 861 Spaldingmore
1122 826 1155 856 &
1173 825 1265 854 blam-

201 864 300 902 brough
318 865 348 894 in
366 864 447 894 dieto
468 863 622 894 Comitatu
642 864 777 900 Eborum,
798 863 880 893 nobis
899 862 1061 893 Heredibus
1094 864 1127 894 &
1146 863 1265 895 Succes-

199 904 310 934 foribus
327 902 430 933 nostris
448 904 614 933 exeuntium
633 903 690 936 five
709 902 891 939 solubilium

236 942 282 972 Ac
302 949 397 972 totum
417 941 498 971 illum
518 942 670 972 annualem
685 941 846 972 Redditum
863 940 919 970 five
934 940 1064 970 Feodum
1078 938 1192 971 firmum
1212 951 1265 970 no-

199 979 290 1010 strum
309 983 414 1017 viginti
432 983 517 1010 trium
535 980 686 1010 Librarum
701 987 820 1022 quatuor
837 978 987 1009 solidorum
1006 975 1044 1013 ὦ
1068 986 1186 1019 quatuor
1205 982 1266 1008 De-

199 1023 359 1057 nariorum,
379 1019 416 1049 de
437 1018 572 1049 Manerio
590 1020 625 1049 de
642 1018 831 1049 Butlerwicke
850 1019 879 1048 in
895 1017 999 1053 Rya'all
1020 1019 1048 1046 in
1065 1019 1144 1048 dieto
1161 1018 1267 1047 Comi·

198 1066 257 1088 tatu
276 1058 414 1096 Eburum,
432 1058 518 1088 nobis
535 1057 698 1090 Heredibus
712 1059 746 1089 ὃς
759 1055 972 1088 Succefforibus
986 1054 1088 1086 nostris
1102 1057 1267 1087 exeuntium

200 1096 259 1128 sive
278 1095 463 1135 solubilium,

234 1134 281 1165 Ac
299 1143 395 1166 totum
415 1135 495 1166 illurn
515 1135 666 1166 annualem
683 1134 844 1165 Redditum
857 1132 914 1162 five
929 1132 1061 1162 Feodum
1083 1131 1199 1162 firmum
1214 1143 1268 1162 no-

199 1172 291 1204 strum
311 1177 376 1213 quin
397 1178 512 1211 uaginta
531 1174 589 1203 0530
606 1174 757 1204 Librarum
764 1171 820 1211 fivx
834 1170 986 1201 Solidorum
1003 1169 1042 1205 ὠ
1058 1171 1115 1200 οέῖο
1131 1174 1268 1201 Dennrio-

201 1223 280 1250 rum,
300 1214 336 1242 de
396 1215 491 1243 anerio
512 1212 550 1242 de
567 1212 679 1242 Bulmer
696 1213 725 1241 in
744 1211 824 1241 ditsto
850 1208 1006 1252 Comitatu
1031 1209 1168 1246 Eburum,
1185 1211 1269 1241 nobis

198 1250 364 1282 Heredibus
383 1252 415 1282 &
435 1251 651 1282 Successoribus
670 1249 769 1281 nostris
785 1249 951 1279 exeuntium
970 1250 1027 1278 five
1043 1248 1225 1287 solubilium,

238 1289 285 1320 Ac
303 1299 399 1320 totum
418 1290 499 1320 illurn
519 1289 667 1319 annualem
686 1286 846 1318 Redditum
862 1286 918 1318 five
936 1285 1067 1316 Feodum
1082 1287 1198 1317 firmum
1213 1298 1267 1322 no-

197 1326 288 1358 strum
301 1329 486 1368 quadraginta
498 1330 615 1367 quinque
631 1326 784 1356 Librarum
791 1325 846 1365 sex
860 1324 1012 1355 Solidorum
1028 1323 1066 1358 ὦ·
1081 1334 1198 1366 quatuor
1208 1329 1267 1356 De-

196 1369 354 1406 nariorum,
371 1367 406 1396 de
426 1366 559 1396 Manerio
578 1365 614 1394 de
632 1368 766 1402 Langton
785 1366 815 1394 iri
842 1363 922 1394 dieto
949 1363 1101 1395 Comitatu
1129 1365 1267 1403 Eburum,

197 1406 280 1473 iliobis
297 1404 458 1435 Heredibus
477 1405 510 1435 &
537 1403 750 1434 Successoribus
775 1402 877 1434 nostris
902 1404 1070 1434 exeuntium
1088 1403 1145 1434 five
1163 1403 1267 1435 solubi-

213 1453 289 1474 ium·

235 1466 392 1511 Ac⁷totum
410 1479 491 1510 illum
509 1480 660 1511 annualem
679 1480 842 1512 Redditum
859 1480 915 1510 five
932 1480 1062 1511 Feodum
1077 1479 1195 1511 firmum
1214 1492 1269 1511 no-

198 1519 287 1549 strum
306 1521 408 1556 viginti
430 1518 595 1557 Librarum,
621 1520 657 1551 de
678 1519 814 1550 Manerio
834 1519 870 1549 de
886 1518 990 1548 Bolton
1014 1521 1112 1559 Percye
1133 1520 1162 1549 in
1186 1520 1266 1551 dicto

197 1557 351 1588 Comitatu
366 1558 502 1595 Ehorum,
521 1559 604 1588 nobis
627 1558 790 1590 Heredibus
810 1558 844 1589 δε
859 1557 1075 1589 Successoribus
1095 1558 1197 1589 nostris
1218 1568 1268 1589 ex-

196 1597 327 1627 euntium
346 1596 407 1627 five
429 1596 610 1636 solubilium,

234 1635 280 1665 Ac
296 1643 390 1666 totum
409 1635 490 1665 illum
506 1640 657 1666 annualem
674 1635 836 1666 Redditum
857 1635 914 1665 five
929 1634 1061 1665 Feodum
1079 1634 1195 1666 firmum
1211 1645 1269 1665 no-

196 1672 286 1704 strum
313 1676 422 1711 vigint?
435 1677 552 1714 quinque
574 1674 724 1704 Librarum
740 1685 838 1704 novem
861 1673 1012 1704 Solidorum
1033 1672 1072 1707 (ἐν
1081 1671 1188 1713 fi‘ptem
1209 1677 1269 1704 De-

196 1715 356 1750 nariorum,
373 1713 409 1743 de
424 1712 560 1743 Manerio
577 1713 613 1743 de
627 1716 783 1752 Lepington
808 1714 838 1743 in
860 1713 940 1743 dieto
962 1711 1112 1743 Comitatu
1129 1712 1270 1751 Eborum,

195 1751 283 1781 nobis
305 1750 469 1782 Heredibus
492 1753 525 1784 ὃς
545 1751 760 1783 Successoribus
787 1751 891 1782 nostris
909 1752 1073 1782 exeuntium
1091 1750 1147 1782 five
1165 1750 1270 1782 solubi—

202 1791 292 1828 lium,
1108 1794 1111 1796 '

237 1828 283 1859 Ac
302 1836 400 1859 totum
419 1829 499 1859 illum
515 1829 665 1860 annualem
682 1829 844 1861 Redditum
861 1828 918 1858 five
934 1828 1064 1859 Feodum
1081 1827 1198 1859 firmum
1214 1839 1270 1860 no-

199 1866 291 1897 strum
307 1868 491 1908 quadraginta
497 1867 602 1906 septem
615 1868 767 1898 Librarum
781 1867 922 1897 oelodecim
934 1867 1086 1898 Solidorum
1101 1879 1201 1898 novem
1210 1871 1268 1898 De—

200 1909 340 1936 mariarum
358 1903 396 1940 (θ’
415 1909 492 1937 unius
510 1907 710 1946 ¹{Quam-antis,
732 1907 768 1937 de
788 1905 924 1937 Manerio
943 1905 979 1937 de
1001 1904 1118 1945 Fufford
1140 1908 1169 1936 in
1187 1907 1270 1937 dicto

198 1942 350 1976 Comitatu
369 1945 505 1982 Eborum,
524 1945 608 1976 nobis
627 1945 790 1977 Heredibus
815 1946 848 1977 ὃς
869 1944 1084 1976 Succefforibus
1100 1945 1204 1977 nostris
1220 1955 1269 1977 ex-

201 1985 335 2015 euntium
355 1984 412 2015 five
429 1984 612 2022 solubilium;
640 2002 643 2005 -

237 2022 282 2054 Ac
300 2030 395 2053 totum
413 2022 494 2053 illum
511 2024 663 2054 annualem
678 2022 839 2053 Redditum
854 2022 911 2052 five
926 2022 950 2052 F
952 2021 1060 2052 eodum
1075 2021 1193 2053 firmum
1214 2033 1269 2054 no—

201 2059 290 2090 strum
307 2064 411 2099 viginti
421 2061 475 2101 fi’x
494 2061 648 2092 Librarum
656 2061 793 2101 sexdecim
811 2061 961 2092 Solidorum
980 2058 1018 2095 ό·
1039 2065 1122 2091 trium
1131 2065 1269 2092 Denario-

201 2109 281 2138 rum,
298 2100 333 2131 de
350 2099 486 2131 Manerio
504 2101 540 2131 de
557 2100 720 2140 Heflington
739 2102 768 2131 in
786 2100 868 2131 dicio
886 2099 1038 2131 Comitatu
1058 2100 1194 2139 Eborum,
1214 2111 1270 2131 no-

201 2138 246 2206 bis
275 2139 438 2170 Heredibus
461 2140 495 2171 &
519 2139 740 2171 Succefforibus
766 2139 868 2170 nostris
893 2140 1057 2170 exeuntium
1082 2139 1140 2171 five
1166 2140 1270 2170 solubi-

216 2186 296 2215 ium,

242 2216 288 2247 Ac
307 2225 403 2247 totum
421 2217 501 2248 illum
521 2218 671 2248 annualem
687 2216 847 2248 Redditum
868 2217 925 2247 five
940 2215 1070 2247 Feodum
1086 2216 1201 2248 firmum
1216 2227 1271 2248 no·

57 2267 191 2295 1⁸5<an
205 2254 295 2285 strum
320 2259 422 2292 viginti
442 2259 519 2286 unius
543 2256 692 2286 Librarum
719 2256 919 2297 quatuordecim
944 2255 1092 2285 solidorum
1109 2257 1129 2275 *
1151 2257 1271 2287 undecim

54 2306 122 2340 692.

206 2297 392 2324 Denariorum
412 2294 450 2329 ὠ·
466 2297 546 2325 unius
560 2294 660 2331 obuli,
678 2294 715 2325 de
735 2294 871 2326 Manetio
892 2295 928 2326 de
942 2294 1122 2334 Allerthorpe
1143 2295 1172 2324 in
1192 2296 1273 2327 dicto

206 2331 359 2364 Comitatu
376 2333 516 2372 Eburum,
531 2334 617 2364 nobis
634 2333 798 2365 Heredibus
815 2334 848 2364 ὃς
867 2333 1082 2364 Succefforibus
1098 2333 1202 2365 nostris
1222 2344 1272 2366 ex-

206 2372 336 2402 euntium
356 2371 412 2402 five
429 2371 607 2411 solubilium,

241 2409 287 2439 Ac
306 2418 404 2440 totum
423 2411 504 2441 illum
523 2410 672 2441 annualem
687 2410 847 2441 Redditum
866 2410 922 2442 five
939 2410 1071 2442 Feodum
1087 2410 1203 2440 firmum
1219 2422 1273 2441 no-

204 2446 295 2477 strum
318 2451 439 2485 triginta
456 2449 626 2488 Librarum,
644 2449 680 2480 de
700 2449 839 2480 Reetona
862 2450 895 2479 ὃς
911 2449 1040 2480 Ecclefia
1062 2449 1098 2479 de
1115 2450 1273 2480 Mida'leton

202 2487 232 2516 in
248 2486 329 2516 dieto
344 2487 491 2517 Comitatu
506 2487 645 2526 Eboram,
661 2488 745 2518 nobis
759 2486 923 2519 Heredibus
939 2488 972 2520 δι’.
988 2487 1203 2518 Succefforibus
1218 2500 1274 2520 no-

206 2525 267 2554 stris
282 2526 449 2556 exeuntium
465 2526 521 2557 five
533 2526 715 2564 solubilium;

242 2563 287 2594 Ac
306 2573 401 2595 totum
422 2564 500 2594 illum
515 2565 664 2595 annualem
679 2564 839 2596 Redditum
861 2564 917 2595 five
935 2564 1065 2595 Feodum
1081 2564 1197 2596 firmum
1222 2576 1275 2596 no-

205 2602 295 2632 strum
313 2606 416 2641 vigznti
431 2603 582 2633 Librarum
597 2604 633 2634 de
651 2602 789 2634 Rectoria
803 2605 835 2635 &
852 2603 975 2634 Ecclesia
997 2603 1033 2633 de
1051 2604 1218 2643 Lowthorpe
1243 2606 1273 2635 in

203 2642 287 2672 dieto
308 2641 458 2672 Comitatu
475 2642 614 2680 Eborum,
635 2643 718 2673 nobis
736 2641 901 2673 Heredibus
923 2643 956 2673 ὃς
976 2642 1192 2673 Successoribus
1215 2654 1273 2674 no-

206 2680 268 2711 stris
282 2682 446 2712 exeuntium
464 2680 520 2712 five
534 2680 713 2712 solubilium-

249 2720 294 2749 Ac
318 2727 412 2750 totum
433 2718 515 2750 illum
533 2720 682 2751 annualem
698 2704 860 2750 Redditum
875 2719 931 2750 five
946 2719 1076 2749 Feodum
1090 2719 1207 2750 firmum
1221 2730 1276 2750 no-

205 2757 295 2788 strum
314 2761 419 2796 viginti
434 2757 584 2788 Librarum
597 2759 719 2788 undecim
734 2757 884 2788 Solidorum
899 2756 937 2793 &
952 2759 1009 2788 0230
1019 2762 1216 2795 Denariorum,
1238 2759 1274 2789 de

206 2795 347 2828 Rectoria
359 2798 393 2829 &
410 2795 536 2828 Ecclesia
550 2797 586 2828 de
604 2796 704 2827 Holme
720 2797 748 2826 in
764 2795 969 2835 Spaldingmore
984 2798 1012 2826 in
1029 2796 1109 2827 dieto
1125 2796 1274 2828 Comitatu

208 2834 337 2904 Eb⁰sr¹lmi³
335 2835 449 2904 21γιοόἱε
465 2835 628 2867 Heredibus
643 2837 676 2867 δε
695 2835 911 2866 Succefforibus
935 2835 1040 2866 nostris
1058 2837 1223 2867 exeuntium
1243 2837 1277 2867 si—

206 2880 245 2902 ve
268 2883 316 2904 ou
338 2884 430 2905 iium·

248 2911 293 2941 Ac
312 2920 407 2943 totum
422 2898 508 2943 'illum
525 2913 673 2944 annualem
691 2911 851 2943 Redditum
865 2911 922 2943 five
938 2912 1068 2944 Feodum
1086 2913 1202 2943 firmum
1220 2924 1276 2943 no-

210 2948 300 2979 strum
308 2950 461 2989 sexaginta
479 2952 535 2990 sex
555 2951 708 2982 Librarum
747 2951 930 2980 uatuordecim
953 2951 1101 2981 Solidorum
1126 2948 1164 2984 &-
1191 2955 1276 2981 trium

209 2990 414 3026 Denariorum,
431 2990 468 3019 de
485 2989 622 3021 Redioria
638 2991 674 3020 de
689 2961 800 3028 thston
820 2990 850 3019 in
867 2989 947 3019 dieto
969 2989 1119 3021 Comitatu
1137 2989 1276 3028 Rharion,

207 3026 293 3094 lnobis
310 3026 470 3058 Heredibus
489 3029 523 3060 &
535 3028 753 3060 Succefforibus
777 3027 882 3058 nostris
902 3029 1069 3059 exeuntium
1095 3028 1152 3059 five
1174 3028 1277 3059 solubi-

220 3072 280 3095 ium
289 3075 300 3103 5

248 3103 294 3134 Ac
313 3111 408 3134 totum
427 3104 508 3135 illum
526 3105 675 3136 annualem
692 3104 852 3136 Redditum
870 3104 928 3136 five
942 3104 1074 3136 Feodum
1091 3104 1206 3135 firmum
1222 3115 1276 3136 no-

211 3141 303 3172 strum
322 3145 441 3179 triginta
454 3147 568 3184 quinque
582 3144 733 3174 Librarum
746 3145 804 3173 oc't’o
816 3143 967 3174 solidorum
984 3142 1024 3179 ὠ
1045 3144 1156 3173 duorum
1179 3147 1277 3174 Dena-

212 3185 330 3218 riorum‚
347 3183 383 3211 de
399 3181 533 3211 Manerio
555 3182 592 3212 de
619 3180 789 3221 Threfhfiild
809 3183 840 3213 in
861 3182 941 3213 diCto
963 3182 1113 3213 Comitatu
1134 3183 1276 3223 Ehorm,

208 3219 296 3287 lnobis
317 3218 481 3251 Heredibus
501 3221 535 3251 &
554 3220 771 3252 Succefforibus
792 3221 894 3253 nostris
918 3221 1082 3252 exeuntium
1099 3221 1156 3253 five
1171 3221 1278 3252 solubi-

220 3267 297 3296 ium,

248 3296 296 3327 Ac
311 3304 404 3327 totum
425 3297 506 3328 illum
522 3298 671 3329 annualem
687 3296 846 3328 Redditum
860 3297 918 3329 five
933 3298 1064 3329 Feodum
1082 3298 1200 3330 firmum
1219 3310 1275 3330 no-

210 3335 301 3366 strum
315 3336 503 3376 quadraginta
518 3348 618 3367 novem
635 3336 784 3367 Librarum
800 3335 838 3370 ὠ·
854 3337 959 3376 fiptem
978 3336 1146 3377 Solidorum,
1162 3338 1198 3369 de
1214 3338 1275 3369 Re-

210 3374 299 3404 <toria
321 3376 354 3406 &
376 3373 500 3404 Ecclesia
515 3376 549 3406 de
568 3374 647 3406 Alne
662 3376 696 3406 &
711 3374 850 3405 Tollerton
872 3377 902 3405 in
924 3375 1004 3406 dicio
1026 3375 1176 3408 Comitatu
1200 3377 1273 3406 Ebo-

208 3423 287 3450 rum,
307 3413 388 3443 nobis
401 3412 563 3444 Heredibus
575 3414 608 3444 δε
622 3414 839 3445 Succcfforibus
854 3413 955 3444 nostris
969 3417 1136 3446 exeuntium
1155 3415 1212 3447 five
1230 3416 1275 3446 so-

206 3451 355 3489 lubilium;

247 3490 293 3521 Ac
311 3499 407 3521 totum
422 3488 502 3519 illum
520 3489 670 3521 annualem
687 3489 848 3522 Redditum
863 3491 920 3523 five
934 3491 1066 3522 Feodum
1082 3491 1201 3522 firmum
1219 3503 1274 3523 no-

208 3528 298 3559 strum
320 3533 438 3566 triginta
456 3527 606 3557 Librarum
621 3532 703 3558 trium
717 3529 865 3560 Solidorum
882 3527 921 3564 ὠ·
936 3531 994 3560 atla
1009 3532 1197 3561 Denariorum
1207 3554 1215 3569 ,
1235 3531 1272 3562 de

207 3566 347 3598 Rectoria
362 3570 394 3597 δε
416 3566 540 3596 Ecclefia
554 3566 589 3596 de
605 3565 791 3609 Northfereby
813 3569 842 3598 in
863 3569 944 3600 dicio
962 3568 1114 3599 Comitatu
1131 3569 1251 3598 Eborum
1263 3593 1272 3608 ,

206 3607 292 3674 {iobis
313 3604 476 3638 Heredibus
489 3606 522 3636 &
547 3604 761 3636 Succefforibus
779 3606 881 3637 nostris
904 3609 1069 3638 exeuntium
1086 3608 1144 3639 five
1166 3608 1272 3639 solubi-

218 3654 278 3674 ium
291 3658 296 3662 ·

244 3670 403 3714 Ac’totum
421 3682 500 3713 illum
517 3680 664 3712 annualem
680 3680 839 3717 Redditum
854 3683 911 3715 five
926 3683 1058 3715 Feodum
1079 3683 1197 3714 firmum
1217 3695 1270 3716 no-

206 3720 297 3752 strum
310 3724 416 3759 viginti
437 3722 551 3751 duarum
567 3720 716 3750 Librarum
731 3719 770 3754 &
786 3724 871 3750 trium
889 3722 1055 3760 Solidorum,
1074 3724 1111 3753 de
1132 3724 1270 3754 omnibus

204 3759 302 3790 Terris
324 3762 357 3791 &
372 3761 561 3790 Tenementis
585 3769 652 3789 cum
668 3758 845 3788 Pertinentiis
862 3759 962 3791 situatis
981 3762 1139 3799 jacentibus
1159 3762 1193 3792 &
1211 3764 1270 3792 exi-

204 3796 342 3828 stentibus
354 3799 384 3828 in
401 3798 545 3837 Galgaugh
562 3798 590 3827 in
607 3796 847 3828 Archidiaconatu
864 3798 1032 3829 Richmondie
1056 3801 1085 3829 in
1107 3800 1189 3830 dieto
1206 3800 1270 3830 Co-

205 3836 304 3866 mitatu
319 3837 453 3875 Eborum,
474 3838 557 3867 nobis
581 3835 743 3866 Heredibus
763 3836 797 3865 ὃς
818 3835 1032 3868 Successoribus
1050 3837 1150 3869 nostris
1166 3847 1270 3870 exeun-

204 3874 277 3903 tium
293 3874 349 3905 five
363 3875 540 3914 solubilium3

243 3912 288 3942 Ac
309 3921 404 3943 totum
423 3914 502 3944 illum
520 3912 670 3944 annualem
684 3911 844 3942 Redditum
860 3911 915 3942 five
931 3911 1062 3943 Feodum
1078 3912 1195 3945 firmum
1212 3926 1272 3946 no-

203 3950 293 3980 strum
315 3951 499 3991 quadraginta
516 3956 600 3982 trium
618 3952 767 3981 Librarum
776 3949 829 3989 fix
847 3953 1032 3980 Denariorum
1050 3951 1088 3986 ὠ,
1104 3956 1184 3983 unius
1193 3955 1269 3983 Obu-

203 3989 240 4025 li,
260 3989 296 4018 de
317 3998 379 4019 toto
396 3989 545 4021 Dominio
562 3991 619 4021 five
637 3989 770 4020 Manerio
792 3989 829 4018 de
843 3988 964 4018 Balderb
1001 3990 1066 4019 alias
1086 3990 1220 4030 Baldesby
1239 3994 1269 4021 in

200 4028 280 4059 dieto
298 4027 538 4061 Archidiaconatu
551 4028 725 4060 Richmondi'e
741 4028 814 4060 infra
823 4027 934 4059 dietum
977 4029 1269 4067 ornitatumEborum,

1310 396 1441 436 Disforth
1457 400 1485 428 in
1502 399 1744 431 Archidiaconatu
1767 402 1938 431 Richmoua'ie
1959 404 2029 434 infra
2051 405 2160 435 dietum
2180 403 2363 435 Comitatum

1304 436 1446 505 ῐΕίῖοιζιςίζη,
1465 437 1548 467 nobis
1561 437 1722 469 Hei-edibus
1733 440 1767 469 a&
1783 440 1997 471 Successoribus
2010 442 2110 472 nostris
2126 444 2293 473 exeuntium
2304 442 2360 473 sive

1317 485 1337 505 o
1351 486 1366 505 u
1388 486 1398 505 i
1410 484 1489 513 ium,

1343 513 1389 543 Ac
1402 521 1497 543 totum
1513 513 1593 543 illum
1609 513 1756 544 annualem
1771 514 1930 545 Redditum
1943 516 1998 546 five
2009 516 2137 548 Feodum
2144 519 2218 550 firm*
2231 517 2364 550 nostrum

1307 554 1411 588 viginti
1424 559 1541 592 quatuor
1553 551 1704 582 Librarum
1717 556 1794 581 uniur
1806 552 1891 582 solidi
1905 553 1942 587 (β’
1951 554 2004 591 sex
2020 557 2201 586 Denariorum
2237 558 2273 587 de
2294 557 2362 588 Ma-

1307 591 1388 620 nerio
1403 590 1439 620 de
1454 590 1610 632 Anderby,
1626 601 1695 621 curn
1710 591 1805 620 Terris
1820 592 1853 622 δε
1871 591 2059 621 Tencmentis
2080 593 2114 624 de
2131 580 2261 635 βψω-[αὑ]
2274 596 2304 625 in
2319 595 2364 625 di-

1307 628 1358 658 eto
1373 628 1611 659 Archidiaconatti
1627 629 1797 659 Richmona'ie
1813 628 1883 658 infra
1898 628 2006 658 dietum
2021 629 2198 662 Comitatum
2221 634 2362 671 Eborum,

1306 667 1395 734 {iobis
1408 666 1570 698 Heredibus
1585 668 1619 698 δε
1639 667 1853 698 Succesloribus
1875 665 1976 696 nostris
1997 670 2158 699 exeuntium
2183 671 2239 702 five
2261 672 2364 703 solubi-

1319 715 1399 744 ium,

1344 743 1391 774 Ac
1409 751 1506 775 totum
1525 743 1605 774 illum
1623 743 1773 774 annualem
1796 742 1954 773 Redditum
1980 742 2035 774 five
2062 743 2192 774 Feodum
2217 747 2287 777 firm'
2311 758 2363 779 no-

1307 780 1396 811 strum
1410 786 1613 822 quinquaginta
1630 784 1686 812 ocio
1703 782 1872 819 Librarum,
1890 781 1925 810 de
1943 781 2076 811 Manerio
2091 782 2126 811 de
2140 785 2271 814 Barwick
2283 785 2363 825 sicper

1306 819 1387 860 Teafi
1402 822 1432 850 in
1451 819 1689 852 Archidiaconatu
1707 820 1881 851 Richmondie
1897 819 2025 856 predicto
2045 820 2115 850 infra
2131 820 2241 851 dietum
2261 823 2365 854 Comi-

1307 867 1398 889 tatum
1412 859 1551 897 Ehorum,
1569 861 1653 890 nobis
1668 859 1830 890 Hei-edibus
1852 859 1886 890 ὃς
1902 857 2119 889 Successoribus
2140 858 2242 889 nostris
2262 870 2366 893 exeun-

1306 899 1378 928 tium
1395 897 1453 929 five
1468 899 1648 936 solubilium;

1343 936 1388 966 A:
1404 944 1499 967 toturn
1513 937 1595 967 illum
1609 938 1757 967 annualem
1774 936 1933 967 Redditum
1946 935 2002 965 five
2016 934 2145 964 Feodum
2160 934 2367 968 firm’nostrum

1307 977 1423 1011 triginta
1450 986 1549 1005 novem
1564 975 1715 1006 Librarum
1737 986 1836 1005 novem
1858 973 2009 1004 solidarum
2033 971 2071 1007 (ἕν’
2095 973 2216 1003 undecim
2236 977 2370 1005 Denaria-

1305 1023 1382 1049 rum,
1399 1014 1435 1043 de
1452 1014 1585 1044 Manerio
1602 1015 1638 1045 de
1653 1013 1798 1053 Eryholme
1815 1015 1843 1043 in
1860 1013 1940 1042 dicto
1959 1011 2203 1043 Archidiaconatu
2226 1012 2369 1044 Richmon-

1305 1052 1348 1080 die
1366 1052 1438 1081 infra
1455 1053 1617 1091 preditstum
1634 1052 1815 1083 Comitatum
1831 1051 1952 1081 Eborum
1967 1051 2051 1081 nobis
2070 1049 2232 1081 Herc-:dibus
2250 1052 2282 1082 δι’.
2297 1051 2369 1083 Suc—

1310 1089 1468 1120 cefforibus
1481 1090 1582 1121 nostris
1598 1092 1761 1122 exeuntium
1777 1091 1833 1122 five
1851 1089 2035 1126 solubilium;

1345 1128 1391 1159 Ac
1406 1136 1500 1159 totum
1515 1129 1594 1160 illurn
1608 1130 1754 1160 annualem
1772 1129 1929 1160 Redditum
1946 1128 2004 1159 five
2012 1126 2144 1158 Feodum
2160 1127 2370 1159 firm'nostrum

1307 1169 1510 1207 quinquaginta
1525 1178 1622 1197 novem
1640 1169 1791 1198 Librarum
1806 1167 2005 1209 quatuordecim
2027 1165 2176 1196 Solidorum
2196 1165 2235 1201 ὠ
2255 1175 2371 1206 quatuor

1307 1208 1509 1243 Denariorum,
1528 1206 1563 1236 cle
1581 1207 1716 1237 Manerio
1732 1208 1768 1237 de
1784 1204 1961 1245 Hartfourth
1977 1206 2007 1235 in
2023 1205 2103 1235 dieto
2126 1204 2370 1236 Archidiaconatu

1309 1243 1484 1273 Richmondie
1498 1245 1571 1275 infra
1587 1245 1697 1276 dietum
1714 1245 1896 1276 Comitatum
1912 1244 2049 1281 Rhomen,
2069 1244 2154 1274 nobis
2169 1243 2371 1274 Heredibus&

1308 1282 1522 1313 Succefforibus
1538 1283 1638 1313 nostris
1651 1286 1816 1314 exeuntium
1831 1283 1887 1314 five
1899 1282 2060 1312 solubilium
2070 1305 2080 1321 ,

1345 1321 1391 1351 Ac
1407 1328 1503 1352 totum
1519 1322 1598 1352 illum
1618 1323 1768 1353 annualem
1784 1321 1942 1353 Redditum
1958 1321 2014 1351 five
2023 1320 2149 1351 Feodum
2158 1320 2232 1351 firm'
2242 1321 2371 1352 nostrum

1308 1360 1492 1400 quadraginta
1499 1358 1603 1398 septem
1618 1361 1769 1391 Librarum
1784 1362 1903 1391 undecim
1916 1359 2066 1389 solidorum
2084 1358 2123 1394 &⁴
2138 1367 2257 1399 quatuor
2276 1363 2372 1389 Dena-

1308 1403 1426 1436 riorum,
1445 1399 1481 1429 de
1495 1399 1630 1429 Manerio
1644 1401 1680 1431 de
1696 1399 1837 1439 chop-well
1846 1401 1873 1429 in
1888 1398 2060 1436 Episcopatu
2076 1398 2268 1439 Dunelmenfi,
2284 1399 2372 1428 nobis

1309 1436 1471 1468 Heredibus
1484 1440 1517 1469 ὃς
1533 1438 1748 1469 Successoribus
1761 1437 1862 1468 nostris
1878 1439 2041 1468 exeuntium
2058 1437 2114 1467 five
2132 1437 2316 1475 solubilium3

1347 1476 1392 1506 Ac
1406 1484 1496 1507 totam
1510 1477 1595 1507 aliam
1609 1476 1763 1508 Decimam
1779 1477 1835 1508 five
1848 1476 1993 1507 annualem
2005 1475 2163 1506 Redditum
2179 1476 2370 1507 nostrumda-

1310 1522 1452 1545 centarum
1469 1514 1507 1550 ώ-
1531 1516 1670 1545 οέίοᾱεείνη
1686 1516 1836 1546 Librarum
1858 1515 2056 1546 reservatamm
2075 1515 2109 1544 de
2123 1515 2141 1534 ὴὲ
2155 1515 2236 1546 Scitu
2249 1517 2283 1547 &
2298 1515 2367 1545 Pre-
2384 1518 2522 1549 *XVHL'

1309 1554 1407 1584 cinctu
1421 1563 1511 1591 nuper
1526 1553 1696 1585 Monasterii
1711 1554 1913 1593 Duuelmenfis,
1932 1554 1960 1583 in
1981 1552 2155 1593 Dunelmenfi
2174 1553 2368 1598 Episcopatu,
2381 1561 2451 1596 693.

1308 1593 1473 1662 ilnffimbis
1490 1592 1652 1624 Heredibus
1668 1593 1701 1624 δε
1719 1593 1934 1624 Successotibus
1949 1592 2051 1622 nostris
2069 1600 2231 1623 exeuntium
2248 1593 2304 1624 five
2323 1592 2367 1622 so-

1324 1641 1339 1661 u
1363 1640 1460 1669 itum,

1350 1669 1396 1699 Ac
1415 1679 1511 1699 torum
1532 1670 1612 1699 illum
1633 1670 1781 1700 annualem
1802 1668 1960 1700 Redditum
1983 1669 2043 1699 five
2062 1668 2192 1699 Feodum
2212 1670 2301 1700 Firm'
2320 1680 2374 1700 no-

1310 1707 1401 1738 strum
1421 1710 1555 1744 oc‘loginta
1569 1712 1652 1738 trium
1672 1708 1821 1737 Librarum
1839 1705 1876 1741 dy
1887 1708 1990 1752 Jc'ptem
2009 1707 2176 1746 Sclidorum,
2191 1708 2226 1738 de
2237 1708 2373 1739 Manet-io

1310 1746 1346 1776 de
1364 1748 1488 1776 Grindon
1514 1748 1543 1776 in
1566 1746 1735 1785 Episcopatu
1754 1745 1926 1786 Dunelmenjz
1946 1746 2094 1784 predicto,
2112 1748 2194 1777 nobis
2211 1747 2374 1779 Heredibus

1311 1785 1345 1816 &
1363 1785 1579 1816 Successoribus
1598 1785 1700 1816 nostris
1719 1785 1883 1815 exeuntium
1902 1786 1958 1814 five
1977 1785 2157 1824 solubilium3

1348 1822 1393 1855 Ac
1412 1832 1507 1856 totum
1527 1824 1608 1855 illum
1623 1824 1773 1855 annualem
1793 1822 1953 1853 Redditum
1976 1823 2033 1853 five
2053 1823 2183 1863 Feodum
2204 1824 2291 1855 Firm'
2320 1835 2373 1855 no-

1310 1862 1401 1894 strum
1426 1863 1612 1904 quadraginta
1628 1864 1687 1893 0530
1712 1862 1862 1893 Librarum
1873 1861 1927 1901 fi‘x
1945 1861 2091 1892 Solidorum
2107 1861 2145 1897 (ἐν
2163 1863 2251 1892 decem
2276 1867 2375 1893 Dena-

1310 1905 1429 1941 riorum,
1445 1902 1482 1933 de
1501 1901 1648 1933 Dominio
1664 1902 1723 1932 five
1752 1901 1888 1931 Manet-io
1906 1900 1941 1930 de
1959 1899 2048 1930 Edall
2062 1901 2126 1930 alias
2150 1901 2249 1930 Ettall
2268 1903 2296 1931 in
2313 1902 2375 1932 Co-

1312 1942 1412 1972 mitatu
1426 1939 1524 1971 nostro
1533 1940 1730 1971 Northumbrie
1740 1962 1750 1977 ‚
1766 1940 1850 1970 nobis
1864 1938 2027 1970 Heredibus
2044 1940 2077 1970 δε
2093 1939 2309 1970 Succefforibus
2323 1950 2378 1971 no-

1310 1979 1372 2009 stris
1389 1981 1556 2011 exeuntium
1575 1980 1634 2011 five
1653 1979 1836 2018 solubilium,

1347 2018 1393 2049 Ac
1409 2027 1502 2050 totam
1517 2019 1594 2049 illam
1609 2018 1759 2050 annualem
1779 2017 1953 2055 Decimam,
1974 2017 2031 2047 five
2049 2016 2197 2047 annualem
2217 2016 2378 2048 Redditum

1305 2057 1441 2088 nostrum
1460 2064 1567 2089 centum
1585 2061 1691 2096 viginti
1710 2056 1748 2092 όν
1764 2060 1843 2087 unius
1860 2056 2011 2086 Librarum
2029 2052 2067 2089 ὠ»
2084 2056 2225 2085 οέῖαᾶεῑίηι
2239 2059 2377 2085 Denario-

1311 2107 1387 2136 rum,
1411 2097 1530 2128 nomine
1552 2097 1666 2128 decime
1685 2095 1811 2126 teservat'
1830 2095 1866 2125 de
1885 2096 2021 2125 omnibus
2039 2096 2072 2125 δε
2092 2094 2207 2131 singulis
2227 2094 2376 2126 Dominiis

1311 2135 1450 2166 Maneriis
1464 2136 1563 2166 Terris
1581 2136 1615 2166 δε
1634 2135 1822 2166 Tenementis
1840 2135 1873 2165 &
1894 2133 1953 2164 aliis
1972 2132 2193 2175 l'oss'essionibus
2214 2134 2247 2164 &
2265 2134 2380 2165 Rever-

1311 2174 1448 2212 sionibus,
1469 2183 1528 2205 tam
1536 2173 1730 2213 spiritualibus
1748 2183 1835 2212 quam
1843 2172 2064 2209 Temporalibus
2077 2172 2309 2210 quibuscunque,
2325 2182 2379 2202 nu<

1310 2224 1361 2251 per
1379 2215 1521 2244 Prioratui
1537 2214 1570 2242 de
1587 2216 1702 2244 Warter
1718 2213 1748 2242 in
1765 2212 1893 2250 predic‘io
1913 2211 2062 2241 Comitatu
2080 2210 2199 2240 Eborum
2213 2212 2380 2247 pertinenti·

1309 2253 1381 2290 bus,
1399 2263 1432 2283 ac
1450 2253 1518 2282 inde
1535 2252 1619 2283 nobis
1637 2251 1798 2282 Heredibus
1816 2252 1849 2282 &
1867 2249 2077 2281 Success'oribus
2095 2248 2199 2279 nostris
2213 2250 2378 2280 exeuntium

1313 2291 1369 2321 five
1391 2291 1572 2328 solubilium,

1351 2331 1396 2360 Ac
1415 2338 1511 2360 totum
1536 2330 1615 2359 illum
1640 2328 1788 2358 annualem
1808 2327 1968 2357 Redditum
1986 2326 2042 2356 five
2067 2325 2196 2357 Feodum
2216 2326 2303 2357 Firm'
2321 2338 2377 2358 no-

1311 2367 1401 2400 strum
1417 2371 1518 2406 viginti
1529 2368 1583 2407 fi‘x
1603 2368 1753 2397 Librarum
1771 2367 1890 2396 undecim
1909 2365 2055 2394 solidorum
2076 2362 2114 2398 ὠ·
2134 2365 2220 2395 decem
2239 2369 2377 2395 Denaris-

1313 2407 1445 2445 rtm1,'de
1467 2408 1601 2437 omnibus
1628 2407 1679 2436 illis
1705 2406 1851 2436 Dominiis
1868 2404 2005 2434 Maneriis
2023 2404 2121 2434 Terris
2137 2403 2325 2435 Tenementis
2343 2406 2377 2435 &

1313 2447 1372 2476 aliis
1389 2445 1610 2476 Posseffionibus
1630 2455 1717 2482 nuper
1737 2445 1858 2474 Abbatie
1884 2443 1941 2473 sive
1959 2443 2097 2473 Prioratui
2122 2443 2158 2472 de
2177 2443 2265 2483 Salley
2288 2445 2316 2473 in
2334 2444 2376 2473 di-

1314 2485 1364 2514 ξὶο
1384 2483 1533 2514 Comitatu
1551 2484 1686 2521 Eho-cum,
1705 2485 1737 2515 Sc
1754 2492 1844 2519 nuper
1861 2481 2000 2511 Prioratui
2018 2489 2124 2511 vocato
2142 2484 2270 2511 Trinities
2286 2484 2314 2512 in
2326 2481 2380 2512 Ci-

1314 2524 1400 2554 vitate
1417 2523 1535 2552 Eborum
1549 2545 1558 2559 ,
1587 2523 1618 2552 δε
1644 2531 1734 2557 nuper
1752 2521 1891 2551 Prioratui
1909 2520 1945 2550 de
1961 2519 2114 2549 cover-ham
2134 2521 2163 2549 in
2190 2520 2378 2551 Arcliidiaco-

1314 2572 1381 2592 natu
1401 2560 1572 2591 Richmoudie
1591 2562 1618 2590 in
1638 2561 1717 2591 dic'lo
1738 2559 1889 2590 Comitatu
1908 2559 2029 2588 Eburum
2049 2559 2273 2596 pertinentibus,
2291 2561 2379 2589 acin-

1314 2601 1350 2630 de
1372 2601 1459 2630 'nobis
1479 2599 1640 2630 Heredibus
1666 2600 1698 2629 &
1718 2597 1935 2629 Successoribus
1951 2598 2054 2627 nostris
2076 2598 2240 2628 exeuntium
2260 2598 2315 2629 five
2334 2598 2378 2629 so-

1313 2638 1461 2670 lubilium·

1353 2678 1398 2708 Ae
1425 2664 1518 2708 t0⁷tum
1542 2676 1621 2706 illum
1645 2676 1793 2707 annualem
1812 2675 1970 2705 Redditum
1991 2674 2047 2704 five
2066 2673 2196 2704 Feodum
2217 2674 2305 2705 Firm’
2323 2685 2378 2706 no-

1314 2716 1420 2754 strum,
1432 2715 1609 2755 ftptuaginta
1629 2723 1746 2757 quatuor
1764 2714 1931 2751 Librarum,
1950 2712 2083 2743 videlicet
2099 2736 2108 2749 ,
2138 2713 2173 2743 cle
2198 2712 2329 2744 Decimis
2347 2715 2377 2744 in

1314 2755 1445 2785 Carleton
1462 2755 1574 2791 Hoolse,
1594 2756 1625 2785 <Sc
1646 2755 1760 2784 aliarum
1781 2757 1898 2790 triginta
1917 2753 1975 2780 ocf't'o
1994 2751 2144 2792 Librarum
2155 2751 2208 2790 fix
2227 2752 2375 2782 Solidorum

1316 2791 1354 2827 (ὢν
1373 2794 1430 2823 odio
1449 2796 1655 2831 Denariarum,
1675 2802 1706 2822 ac
1725 2792 1759 2822 de
1780 2792 1910 2822 Decitnis
1925 2789 2238 2820 Gianorumviltaruni
2257 2791 2293 2820 de
2306 2793 2379 2820 Hec-

1316 2833 1347 2861 ke
1363 2831 1484 2872 Henficll
1494 2831 1645 2862 Gouldhajl
1662 2831 1699 2865 ὠ
1718 2830 1808 2861 Balne
1826 2828 1962 2869 tresdecim
1981 2828 2130 2857 Librarum
2147 2851 2157 2866 ,
2180 2838 2212 2858 ac
2231 2828 2266 2858 de
2286 2828 2376 2860 Deci-

1315 2872 1369 2901 mis
1393 2871 1561 2901 Granorum
1588 2870 1624 2899 de
1644 2868 1788 2907 bl'hitgifi'e
1815 2870 1847 2899 &
1868 2868 1974 2897 Redues
1999 2867 2140 2896 alludet-im
2157 2866 2324 2905 Librarum,
2342 2878 2377 2899 ac

1316 2910 1352 2941 de
1382 2909 1512 2940 Decimis
1540 2909 1706 2938 Granorum
1725 2910 1757 2938 ὃς
1776 2908 1847 2938 Feni
1869 2908 1897 2936 in
1918 2905 2075 2943 Pollingtou
2092 2913 2208 2946 quatuor
2226 2906 2378 2936 Librarum

1316 2947 1456 2987 tresdecim
1474 2947 1623 2977 Solidorum
1640 2955 1756 2988 quatuor
1778 2949 1963 2976 Denariorvm
1979 2967 1988 2981 ,
2014 2953 2082 2974 eum
2110 2944 2208 2986 duobus
2234 2944 2329 2975 Solz'dis
2350 2947 2378 2974 in

1315 2988 1440 3024 reprifis',
1457 2987 1484 3016 in
1503 2986 1582 3015 dieto
1602 2985 1751 3016 Comitatu
1775 2984 1872 3014 nostro
1895 2983 2030 3024 Eburum,
2052 2983 2135 3012 nobis
2164 2982 2324 3014 Hei-edibus
2342 2986 2375 3015 δε

1316 3026 1533 3056 Succefforibus
1553 3024 1652 3054 nostris
1669 3025 1830 3054 exeuntium
1852 3023 1907 3052 five
1926 3021 2103 3063 solubilium3

1353 3065 1398 3095 Ac
1416 3072 1512 3094 totum
1537 3063 1616 3093 illum
1639 3063 1786 3092 annualem
1807 3061 1964 3092 Redditum
1984 3062 2041 3090 five
2062 3058 2192 3090 Feodum
2213 3059 2302 3088 Firm'
2320 3069 2374 3089 no-

1316 3102 1407 3133 strum
1436 3105 1552 3139 triginta
1570 3109 1685 3142 quatuor
1705 3101 1853 3131 Librarum
1870 3099 1908 3135 &
1927 3110 2024 3129 novem
2042 3098 2204 3134 Sobdorum,
2228 3097 2376 3137 videlicet,

1316 3142 1353 3172 de
1372 3141 1508 3172 Retstoria
1527 3142 1559 3171 ὃ(
1579 3139 1706 3170 Ecclefia
1725 3140 1759 3170 de
1777 3143 1899 3176 Seamer7
1916 3140 2020 3174 viginti
2037 3141 2112 3166 unius
2132 3136 2279 3164 Librarum
2290 3139 2374 3166 trium

1316 3179 1463 3211 Solidorum
1479 3175 1518 3213 ὅγ’
1531 3186 1648 3220 quatuzr
1666 3181 1867 3214 Denariorum,
1887 3177 1923 3206 de
1932 3175 2047 3213 Capella
2065 3175 2100 3205 de
2116 3177 2235 3213 Ceston,
2255 3182 2374 3214 quatuor

1316 3219 1466 3251 Librarum
1488 3215 1526 3252 ὢν
1547 3216 1730 3248 novemdecim
1749 3216 1914 3252 Solidorum,
1932 3215 1968 3244 de
1987 3213 2100 3250 Capella
2116 3212 2151 3241 de
2170 3214 2284 3251 Astora,
2303 3225 2374 3252 qua-

1308 3265 1377 3288 'tuor
1393 3257 1545 3287 Librarum
1555 3256 1607 3296 fix
1623 3255 1771 3285 Solidorum
1788 3254 1826 3290 (sy
1840 3255 1896 3284 0630
1910 3256 2115 3293 Denarsorum„
2126 3259 2193 3280 cum
2209 3250 2309 3281 duobur
2324 3256 2372 3282 So-

1313 3297 1376 3326 lidis
1395 3297 1424 3326 in
1444 3295 1552 3333 reprisis
1570 3297 1599 3325 in
1617 3294 1695 3324 dieto
1714 3293 1866 3324 Comitatu
1885 3292 2021 3327 Eburum,
2046 3289 2129 3319 nobis
2153 3287 2316 3320 Heredibus
2341 3292 2375 3323 ὃς

1313 3334 1530 3367 Successoribus
1549 3333 1651 3364 nostris
1669 3333 1851 3369 exeuntium,
1967 3369 1971 3373 ι
2198 3365 2208 3372 „
2310 3368 2314 3372 ²

1349 3373 1483 3404 Necnon
1501 3380 1595 3402 totum
1614 3372 1691 3401 illum
1711 3371 1858 3401 annualem
1879 3367 2034 3399 Redditum
2054 3365 2111 3395 five
2133 3365 2260 3396 Feouum
2283 3367 2372 3397 Firm’

1314 3411 1445 3443 nostrum
1457 3413 1560 3451 septem
1579 3410 1730 3440 Librarum
1747 3418 1784 3444 (y
1812 3407 1895 3447 eptem
1909 3405 2073 3441 solidorum,
2089 3403 2125 3447 de
2139 3405 2238 3434 Tei-ris
2252 3405 2285 3435 &
2301 3405 2373 3436 psa-

1312 3453 1345 3482 tis
1359 3451 1467 3482 vocatis
1481 3449 1672 3486 Hurtbuckireg
1684 3452 1714 3478 in
1731 3447 1773 3477 Cli
1790 3456 1837 3477 ton
1852 3454 1897 3476 aut
1913 3442 2023 3486 Skelton
2041 3442 2086 3471 seu
2103 3452 2132 3471 in
2154 3453 2255 3472 eoi-um
2268 3443 2369 3486 altera,

1311 3500 1401 3528 prope
1422 3488 1581 3519 Civitatem
1598 3488 1719 3517 Eborum
1739 3489 1767 3516 in
1786 3486 1865 3516 dieto
1882 3483 2028 3525 Comitatu
2045 3479 2183 3525 Eborunq,
2204 3482 2286 3511 nobis
2306 3482 2370 3513 He-

1312 3528 1424 3559 redibus
1442 3528 1475 3558 &
1487 3526 1699 3557 Succeiloribus
1713 3524 1813 3555 nostris
1827 3529 1991 3562 exeuntium
2006 3522 2062 3563 live
2074 3519 2253 3564 solubilium3

1350 3566 1396 3597 Ac
1413 3573 1510 3596 totum
1526 3565 1608 3596 illum
1624 3564 1773 3594 annualem
1790 3561 1947 3592 Redditum
1960 3560 2016 3586 live
2033 3557 2301 3588 l⁴eotluml<1rnium
2316 3568 2369 3589 no-

1311 3605 1402 3637 strum
1419 3607 1536 3642 triginta
1558 3604 1674 3633 duarum
1697 3602 1846 3631 Librarum
1857 3597 1910 3637 fl’x
1927 3595 2073 3639 {olidsrmn
2101 3594 2139 3628 ῤ’
2158 3597 2215 3640 οέζο
2236 3599 2370 3627 Deurio-

1310 3656 1387 3681 rum,
1408 3643 1560 3679 videlicet,
1577 3643 1613 3671 dc
1630 3641 1769 3671 lZcStoriis
1781 3641 1812 3669 &
1831 3637 1960 3667 Eccleliis
1983 3635 2018 3664 cle
2036 3633 2150 3672 Cantley
2171 3645 2209 3668 ω·
2229 3636 2368 3675 Bardsby,

1301 3683 1357 3722 sex
1375 3680 1526 3712 Librarum
1544 3679 1685 3718 tresdecim
1703 3677 1851 3708 Solidorum
1870 3671 1907 3707 όν
1925 3680 2042 3714 quatuor
2060 3675 2262 3710 Denariorum,
2277 3683 2310 3703 ac
2333 3676 2369 3705 de

1308 3721 1446 3752 Rectoria
1464 3721 1496 3750 ὅτ.
1518 3718 1643 3749 Ecclesia
1660 3717 1697 3747 de
1719 3712 1860 3745 Rothwcll
1878 3714 1979 3749 viginti
1998 3714 2111 3777 quiryne
2130 3711 2279 3742 Librarum
2296 3712 2367 3749 tres-

1308 3761 1390 3791 decim
1404 3757 1552 3788 Solidorum
1571 3756 1609 3792 ὠ
1628 3763 1745 3797 quatuor
1761 3755 1954 3786 Denariorum,
1973 3759 2042 3779 cum
2065 3748 2154 3778 ,uobus
2166 3749 2261 3780 Solidis
2274 3752 2302 3780 in
2325 3762 2368 3781 re-

1308 3799 1384 3837 pi-ifis
1399 3798 1427 3827 in
1441 3797 1521 3827 dieto
1539 3795 1690 3826 Comitatu
1708 3791 1847 3833 Eburum,
1866 3790 1949 3819 nobis
1967 3787 2128 3818 liei-edibus
2142 3788 2176 3818 &
2191 3788 2368 3820 Successori„

1309 3840 1362 3868 bus
1376 3835 1480 3867 nostris
1496 3834 1657 3864 exeuntium
1677 3831 1732 3861 five
1748 3829 1925 3871 solubiliuniz,

1347 3876 1393 3905 Ac
1413 3882 1509 3904 totum
1528 3872 1608 3902 illum
1623 3870 1770 3899 annualem
1792 3866 1954 3896 Redditum
1982 3865 2038 3894 five
2059 3863 2192 3895 Feodum
2213 3865 2300 3895 Firm'
2319 3877 2372 3897 no-

1311 3914 1399 3944 strum
1419 3919 1522 3941 centum
1536 3911 1642 3942 viginti
1659 3905 1696 3941 εἴ)
1720 3905 1768 3944 [ἐκ
1788 3905 1938 3934 Librarum
1956 3903 1991 3933 de
2018 3902 2162 3933 Rectori'is
2177 3904 2213 3934 de
2230 3904 2373 3943 sheffild,

1310 3948 1475 3988 Eglesseild³
1496 3940 1645 3983 Bradfeild
1661 3947 1694 3975 δε
1711 3942 1828 3973 Tickhill
1845 3944 1873 3972 in
1891 3943 1971 3972 didio
1988 3940 2139 3984 Comitatu
2159 3943 2278 3972 Eburum
2290 3966 2298 3980 ,
2317 3953 2371 3972 no-

1310 3983 1353 4019 bis
1377 3989 1539 4019 Heredibus
1563 3982 1596 4016 ’ὅῑ
1623 3983 1839 4015 Successoiibus
1864 3980 1966 4011 nostris
1989 3989 2154 4011 exeuntium
2182 3981 2236 4013 live
2266 3981 2371 4011 iolubi·

1312 4029 1400 4062 liumz
1825 4057 1854 4088 G
1878 4067 1891 4097 3
2324 4055 2368 4085 AC
