2536 4255
70 174 148 208 Ann.
164 172 206 203 D.

92 213 181 243 1628.

73 256 128 280 An.
142 263 171 287 4.

77 295 150 324 Car.»
164 298 187 318 1.

79 816 157 848 Ann.
171 814 215 846 D.

107 854 193 885 1628:

77 897 137 922 Pat-
153 904 182 931 4.

79 937 143 960 Car.
163 943 172 960 1
180 953 187 960 .

76 978 104 1007 p.
126 972 170 1007 36.

79 1020 105 1037 ι.
126 1009 154 1038 8.

107 3140 187 3169 Ann.
200 3136 245 3168 D.

134 3176 220 3207 1628.

111 3219 170 3244 Pat.
188 3225 218 3251 4.

112 3258 175 3281 Car.
195 3264 221 3286 r,

112 3297 138 3327 p.
156 3294 199 3328 36.

113 3340 141 3357 n.
159 3339 186 3366 7.

227 91 309 130 266

269 177 294 204 E
292 173 410 213 fiaetori
419 168 470 208 fixo
487 171 518 199 in
537 168 675 197 comitatu
693 164 826 195 Cambrie.

269 250 305 280 Et
325 246 490 279 mandatum
510 244 551 276 est
568 242 730 280 Militibus,
756 241 849 273 liberis
865 240 1042 272 Hominibus
1059 242 1094 274 &
1112 239 1249 271 omnibus
1265 247 1296 269 a·

232 289 273 319 liis
287 286 464 317 Tenentibus
483 283 518 313 de
535 281 790 319 Archiepiscopatu
809 279 970 319 Eboracenfi
987 280 1116 318 prediem
1127 302 1137 317 ,
1162 277 1240 316 quod
1256 278 1297 308 ei-

234 327 304 356 dem
329 322 553 361 Archiepiscopo
583 320 687 352 Eiee’to
710 328 843 358 tanquam
869 319 1095 358 Archiepiscopo
1114 319 1146 349 &
1164 316 1297 361 Domino

232 365 282 395 suo
301 365 329 392 iri
346 363 502 398 omnibus,
519 370 575 398 que
594 359 628 390 ad
647 357 934 396 Archiepiscopatum
954 358 1117 397 predicstum
1134 361 1296 395 pertinent,

234 401 412 433 intendentes
428 400 479 430 lint
489 422 498 437 ,
518 398 714 436 respondentes
729 399 762 430 &
776 398 952 435 auxiliantes,
971 404 1055 436 prout
1071 395 1165 426 decet.

270 439 305 470 In
324 439 404 478 cujus
422 439 480 476 rei,
499 438 560 469 &c.

271 515 364 548 Teste
380 515 466 554 Rege
482 514 555 553 apud
575 513 849 555 Westmonasterium,
868 520 901 544 ut
919 511 1007 551 supra.

683 593 737 622 Per
755 593 849 621 Breve
867 588 899 618 de
916 589 1037 618 Privato
1058 585 1157 624 Sigillo-

437 722 547 767 Regius
571 717 708 764 Afflnfits
727 727 780 762 pro
804 713 943 761 Episcopo
964 712 1098 748 London.

243 804 386 862 REX,
410 802 661 836 Reverendiffimo
684 803 712 832 in
732 800 848 831 Christo
870 799 947 829 Patri
969 808 1003 829 ac
1026 796 1164 828 Domino
1187 797 1301 833 Georgia

320 844 509 876 Permiffione
527 844 622 873 divina
643 839 835 878 Cantiearienfi
857 837 1081 875 Archiepiscopo
1099 836 1185 866 totius
1199 834 1302 872 Anglie

239 881 353 914 Primati
370 885 402 915 &
418 882 654 921 Metripolitano,
672 889 705 909 ac
718 879 774 909 aliis
787 875 1003 917 quibuscunque
1019 873 1165 913 Episcopis
1176 881 1301 911 quorum

238 921 267 950 in
284 923 338 953 hac
355 929 432 960 parte
449 921 585 957 intererit,
604 919 737 949 Salutem.

277 960 375 998 Cum,
393 968 509 990 vacante
531 963 621 996 nuper
642 956 735 999 Sede.
766 994 773 998 ,
1012 992 1016 996 ι
1057 992 1062 997 .

239 1007 306 1029 nem
322 1002 426 1037 Georgii
448 998 539 1029 ultimi
556 995 689 1034 Episcopi
712 993 853 1032 eJuidem,
871 992 905 1022 ad
928 991 1214 1035 Arcbiepiscppatum
1226 989 1302 1019 Ebo-

238 1038 389 1075 rualem,
408 1037 442 1068 ad
462 1035 602 1067 humilem
624 1033 795 1064 Petitionern
808 1032 914 1061 Decam'
926 1029 964 1065 &
977 1029 1096 1068 Capituli
1111 1030 1233 1060 Eccleiie
1248 1038 1300 1059 no-

240 1076 296 1107 stre
311 1076 490 1108 Catliedralis
506 1073 619 1104 London
637 1071 779 1109 predicte,
797 1079 846 1107 per
864 1069 970 1099 Litems
985 1068 1090 1099 nostras
1106 1068 1234 1098 Patentes
1252 1066 1301 1097 Li-

240 1117 365 1146 centiam
385 1113 604 1145 concefferimus
627 1111 714 1141 alium
728 1108 778 1140 sibi
792 1108 914 1148 eligendi
929 1109 957 1138 in
974 1106 1151 1145 Episcopum
1164 1105 1300 1138 &Pasto-

330 1155 338 1163 '
379 1155 383 1159 ”
434 1152 548 1182 rediere·

241 1154 519 1224 ‘elfidtitglslficanus
541 1174 578 1224 ζῷ’
601 1187 772 1226 Capitulum,
791 1186 891 1226 vigore
914 1185 948 1216 ὃ(
961 1185 1085 1215 obtentu
1102 1183 1232 1214 Licentie
1247 1193 1300 1213 no-

240 1233 298 1263 stre
319 1230 442 1270 predicte
457 1253 466 1268 ‚
493 1228 696 1259 Reverendum
714 1228 741 1255 in
762 1224 882 1255 Christo
897 1223 1011 1254 Patrem
1030 1221 1192 1252 Gulielmum
1216 1222 1304 1252 Laad

241 1268 455 1308 Bathortiensbm
478 1267 516 1302 ὠ·
532 1264 688 1305 Wllenfi’m
704 1263 878 1301 Episcopum
888 1287 896 1300 ,
918 1261 967 1292 sibi
986 1262 1019 1293 &
1033 1260 1160 1291 Eccleiie
1174 1261 1306 1298 predisto

240 1312 384 1348 elegerunt
408 1309 436 1337 in
456 1307 631 1346 Episcopum
653 1305 686 1334 δε
706 1302 870 1339 Pastorem,
890 1309 974 1339 prout
991 1310 1041 1339 per
1060 1299 1169 1330 Literas
1183 1299 1242 1329 suas
1257 1299 1302 1329 Si·

239 1350 309 1387 gillo
332 1355 432 1377 eorum
448 1344 597 1376 communi
615 1342 740 1382 sigillatas
758 1341 857 1372 Nobis
872 1341 939 1370 inde
953 1339 1072 1370 directas
1088 1338 1197 1376 plenius
1212 1338 1301 1376 liquet

265 1397 275 1405 ν
363 1393 414 1413 ret:

242 1390 540 1456 &ffizpsaffleffionem
556 1418 631 1449 illam
646 1427 823 1458 acceptantes
836 1416 930 1448 eidem
946 1415 1090 1446 Eleftioni
1106 1415 1233 1454 Regium
1247 1423 1303 1444 no-

242 1464 333 1495 strum
357 1458 507 1491 Asl‘ensum
532 1457 713 1488 adhibuimus
734 1459 833 1495 pariter
857 1455 891 1485 ὃς
914 1454 1075 1490 Pavorem,
1091 1454 1124 1484 δε
1145 1454 1202 1484 hoc
1219 1453 1301 1483 vobis

240 1511 340 1534 tenore
352 1499 520 1538 presentium
536 1495 741 1540 significamus,
760 1503 908 1538 roganteS,
926 1502 958 1523 ac
973 1494 1002 1522 in
1020 1491 1075 1522 fide
1092 1492 1125 1522 &
1139 1491 1304 1528 dilefflone,

738 953 894 991 Episcopali
913 937 1043 990 nondun,
1061 960 1111 990 per
1125 950 1302 981 Transsatio-

683 71 1496 125 CONVENTIONES,

1552 66 1958 118 LITERAE,

1327 159 1418 198 ⁴usque
1438 157 1635 196 provenientia
1655 156 1713 188 five
1737 155 1910 199 erupentia,
1943 154 2047 193 absque
2065 153 2160 193 aliquo
2174 155 2330 196 Compoto
2350 165 2398 190 aut
2414 150 2491 186 Anti.
2503 154 2536 188 D

1335 197 1431 234 aliquo
1451 197 1508 226 alio
1530 195 1649 233 proinde
1671 195 1757 226 nobis
1779 204 1900 232 quoquo
1921 193 2014 224 modo
2027 192 2189 234 reddendo,
2203 195 2340 229 solvendo
2352 197 2397 230 vel
2436 193 2524 227 1628.

1334 234 1468 266 faciendo
1485 234 1542 265 sine
1555 233 1690 266 dilatione
1705 234 1823 272 liberes3
1840 233 1916 265 salvo
1927 233 1990 272 jure
2004 231 2163 270 cujussibet.

1373 309 1464 342 Teste
1480 309 1566 349 Rege
1578 309 1653 348 apud
1674 309 1951 350 Wstmonasterium‚
1968 286 2088 342 decimo
2107 307 2214 340 oeavo
2230 309 2276 342 die
2291 311 2380 351 Jutiff.

1766 388 1822 417 Per
1839 389 1937 418 Breve
1951 387 1986 417 de
2003 389 2126 418 Privato
2138 383 2243 423 Sigillo.

1336 475 1505 507 Confimilia
1523 473 1621 503 brevia
1633 471 1793 509 diriguntur
1808 472 2004 504 Escaetoribus
2018 472 2176 510 subscriptis
2195 473 2223 502 in
2240 471 2403 509 separalibus

1443 511 1642 544 Comitatibus
1659 510 1816 550 subscriptis
1833 511 1884 542 sub
1900 512 1965 544 data
1981 512 2124 551 predicea,
2142 510 2291 544 videlicet:

1373 588 1515 628 Efiaetori
1523 586 1576 626 fito
1593 590 1623 617 in
1641 590 1717 618 Com.
1735 586 1831 627 Efflx.

1374 628 1518 666 Eli-actori
1526 626 1577 665 sico
1593 629 1624 657 in
1644 629 1715 656 Com.
1734 627 1829 657 Mida.

1375 666 1520 705 Efiaetori
1529 664 1580 703 fito
1596 667 1625 694 in
1643 669 1715 695 Com.
1733 664 1833 704 Hertf.

1376 704 1519 745 Efiaetori
1530 703 1582 743 fico
1599 706 1628 733 in
1647 707 1719 734 Com.
1738 707 1860 741 Wigorn.

1375 743 1519 782 Efiaetori
1529 741 1580 781 fito
1597 745 1626 771 in
1644 746 1717 773 Com.
1736 743 1837 782 Suffix.

1376 781 1519 819 Eftaetori
1530 780 1581 820 βω
1600 783 1630 810 in
1649 784 1722 811 Com.
1741 785 1819 812 Surr.

1377 819 1520 859 Efiaetori
1531 818 1582 859 fito
1600 822 1631 849 in
1646 822 1718 850 Com.
1735 822 1828 850 Hunt.

1377 895 1417 927 Et
1435 895 1599 926 mandatum
1619 894 1661 925 est
1680 893 1846 935 Militibus,
1863 891 1957 927 liberis
1973 895 2153 927 Hominibus
2167 895 2202 927 δε
2218 895 2353 928 omnibus
2370 906 2400 928 ι-

1338 935 1379 966 liis
1395 935 1577 966 Tenentibus
1595 933 1632 964 de
1652 932 1824 973 Episcopatu
1843 935 2029 974 Londom'enfi
2043 934 2194 973 predicto,
2212 935 2290 973 quod
2305 935 2400 966 eidem

1338 974 1435 1004 Eleci‘o
1454 981 1586 1011 tanquam
1597 971 1740 1010 Episcopo
1757 973 1790 1003 &
1807 971 1945 1003 Domino
1961 973 2009 1003 suo
2025 975 2055 1003 in
2068 974 2221 1011 omnibus,
2240 983 2296 1012 que
2309 974 2343 1004 ad
2361 973 2402 1004 E-

1338 1013 1515 1052 piscopatum
1529 1010 1689 1050 predierum
1704 1011 1863 1049 pertinent,
1881 1011 2058 1043 intendentes
2071 1011 2142 1051 sint,
2157 1011 2353 1051 respondentes
2366 1013 2402 1044 &

1337 1052 1516 1088 auxiliantes,
1535 1059 1620 1094 prout
1630 1049 1727 1081 'decen

1374 1089 1410 1120 In
1428 1091 1508 1127 cujus
1527 1099 1583 1127 rei,
1602 1088 1664 1119 &c.

1372 1165 1463 1198 Teste
1480 1165 1566 1204 Rege
1586 1172 1616 1196 ut
1635 1165 1724 1204 supra.

1408 1293 1430 1314 ⁸
1455 1294 1504 1326 De
1528 1289 1717 1336 Restitutione
1738 1289 1961 1336 Tbmporalium
1976 1302 2032 1337 pro
2056 1291 2191 1338 Epifiopo
2213 1289 2331 1333 Elivfi.

1339 1377 1421 1435 RE
1430 1376 1461 1408 X
1452 1400 1480 1446 x?
1494 1376 1636 1408 Escaetori
1651 1375 1701 1407 suo
1714 1377 1743 1406 in
1762 1374 1914 1419 Comitatu
1929 1376 2126 1422 Cantabrigie,
2142 1376 2280 1408 Salutem.

1481 1424 1580 1446 acante
1600 1423 1690 1458 nuper
1704 1414 1777 1445 Sede
1792 1413 1950 1453 Episcopali
1963 1414 2066 1454 Elrenfi
2078 1425 2127 1453 per
2144 1415 2274 1446 Mortem
2290 1420 2404 1447 natura-

1339 1455 1397 1485 lem
1419 1454 1513 1485 ultimi
1535 1453 1667 1492 Episcopi
1686 1453 1815 1491 ibidem,
1830 1455 1957 1483 Decanus
1972 1452 2010 1488 &
2026 1453 2182 1493 capitulum
2199 1454 2326 1485 Ecclesre
2345 1454 2404 1485 Ca-

1341 1493 1471 1525 tbedralis
1489 1491 1606 1533 Elienfis
1625 1492 1768 1530 predicte,
1787 1491 1914 1522 Licentia
1932 1491 2028 1521 nostra
2044 1493 2126 1531 petita
2138 1493 2240 1530 pariter
2255 1494 2288 1524 δε
2301 1494 2406 1522 obten-

2415 236 2467 261 An.
2482 243 2513 270 4.
2529 245 2532 247 ’

2413 275 2481 300 Car.
2498 281 2523 300 1.

2420 1297 2536 1328 *xvut

2423 1346 2506 1407 5555·
2515 1374 2536 1407 1:

2445 1396 2533 1445 162'8.

2425 1457 2482 1481 Pax.
2496 1462 2527 1489 4.

2424 1496 2488 1520 Car.
2511 1500 2534 1521 1.

239 1542 341 1580 quibus
359 1536 454 1567 Nobis
473 1534 621 1573 tenemini,
636 1532 751 1564 firmiter
766 1529 951 1570 precipiendo
969 1531 1150 1568 mandantes,
1169 1539 1305 1569 quatenus
1341 1541 1386 1571 ta,
1404 1531 1611 1562 Reverendum
1632 1532 1661 1560 in
1682 1529 1803 1561 Christo
1829 1529 1943 1560 Patrem
1963 1528 2120 1566 Johannem
2149 1541 2237 1569 nuper
2255 1531 2403 1570 Rcff’nfi’n,
2429 1538 2453 1568 p.
2476 1529 2522 1567 38.

241 1589 295 1610 vos
315 1577 440 1608 eundern
463 1572 626 1604 Gulielmum
648 1573 677 1602 in
701 1572 875 1610 Episcopum
894 1571 927 1611 β(
945 1568 1090 1600 Pastorem
1105 1569 1230 1600 Ecclelie
1247 1569 1306 1599 Ca-

242 1616 371 1649 thedralis
392 1613 535 1652 medidie,
554 1611 591 1642 lic
617 1619 648 1641 ut
663 1611 818 1650 prefertur,
837 1610 979 1646 electum,
997 1608 1225 1646 eleffloneruque
1241 1617 1303 1645 pre-

242 1657 349 1687 dieram
366 1663 414 1691 per
430 1650 657 1682 Transsationem
674 1648 862 1686 confirmare,
881 1656 1026 1683 ceteraque
1040 1648 1137 1676 omnia
1153 1648 1187 1678 ὃς
1203 1646 1305 1685 singula

242 1703 373 1733 peragere
383 1715 393 1729 ,
408 1701 461 1729 que
478 1689 572 1719 vestro
588 1690 616 1718 in
631 1688 683 1718 bac
698 1696 774 1726 parte
789 1686 963 1717 incumbunt
971 1684 1085 1715 Officio
1093 1684 1227 1715 Pastorali
1239 1687 1305 1723 jux-

243 1744 270 1766 ta
283 1734 408 1764 formam
424 1729 601 1760 Statutorum
619 1728 651 1756 ὃ(
666 1727 780 1766 Legum
798 1724 894 1764 Regni
912 1724 1001 1755 nostri
1012 1723 1115 1761 Anglie
1131 1725 1159 1753 in
1175 1724 1226 1754 hac
1242 1734 1305 1762 par-

242 1782 270 1804 te
293 1770 438 1802 editorum
463 1769 497 1798 &
518 1765 715 1804 provisorum,
733 1764 823 1795 velitis
838 1771 908 1794 cum
922 1763 1082 1802 diligentia,
1099 1762 1196 1794 favore
1214 1764 1247 1796 ὃς
1265 1762 1307 1794 ef-

240 1811 331 1843 fedku.

279 1848 315 1880 In
333 1847 411 1884 cujus
427 1845 483 1883 rei,
499 1844 561 1875 &c.

283 1923 372 1957 Teste
388 1921 474 1964 Rege
489 1919 562 1962 apud
579 1918 855 1960 Weslmonasserium,
873 1916 1030 1949 undecimo
1047 1916 1094 1947 die
1111 1914 1198 1955 Julii.

665 1998 720 2027 Per
737 1998 832 2026 Breve
848 1995 880 2025 de
899 1978 1021 2025 Privato
1038 1992 1146 2031 Sigillo.

250 2125 277 2153 ²*
308 2130 356 2161 De
389 2121 692 2180 Licentia—Eligendi
709 2132 764 2168 pro
800 2121 931 2178 fpiftopo
963 2120 1151 2173 Bathonierglf
1171 2124 1208 2161 ὠ·
1236 2120 1311 2155 We!-

741 2171 818 2215 lensi.

254 2261 339 2316 RE
346 2260 389 2297 X,
407 2259 529 2291 Dileffls
547 2258 646 2289 Nobis
664 2258 691 2288 in
712 2256 843 2291 Christo.
861 2259 973 2287 Decano
988 2255 1028 2291 &
1046 2255 1172 2296 Capitulo
1187 2255 1313 2288 Ecclefie

332 2300 426 2330 nostre
447 2297 623 2330 cathedralis
639 2294 796 2336 W'ellenfis,
814 2296 951 2326 Salutem.

287 2334 330 2368 Ex
353 2347 431 2376 parte
447 2338 538 2368 vestra
554 2335 653 2366 Nobis
668 2335 709 2365 est
726 2335 869 2365 humiliter
886 2333 1090 2372 supplicatum,
1108 2342 1155 2372 ut,
1169 2343 1238 2364 cum
1253 2333 1313 2365 Ec-

252 2375 332 2406 clefia
349 2377 472 2414 predista
490 2386 539 2414 per
554 2374 780 2405 Tranllationem
797 2373 888 2403 ultimi
907 2371 1041 2409 Episcopi
1056 2371 1177 2410 ejusdem
1193 2373 1226 2402 ad
1243 2372 1311 2412 Epi-

252 2413 400 2453 scopaturn
420 2411 619 2458 Londinensem
638 2414 694 2448 iam
716 2420 797 2442 vacet
817 2413 847 2442 ὃ(
864 2410 985 2440 Pastoris
1000 2411 1031 2441 sit
1047 2411 1146 2441 solatio
1162 2410 1313 2449 destituta,

252 2454 338 2483 alium
354 2455 436 2484 vobis
449 2452 569 2491 eligendi
583 2453 611 2481 in
627 2450 803 2489 Episcopum
819 2451 850 2480 δε
866 2449 1009 2480 Pastorem
1024 2450 1168 2480 licentiam
1184 2450 1313 2480 nostram
1335 2446 1337 2448 ’

251 2491 440 2522 fundatoriam
455 2491 535 2522 vobis
548 2490 709 2520 concedere
723 2489 921 2528 dignaremur,

292 2529 375 2566 Nos,
396 2530 530 2560 Precibus
549 2528 645 2558 vestris
663 2528 852 2558 favorabiliter
870 2527 1056 2564 inclinantes,
1070 2525 1223 2557 licenciam
1235 2526 1313 2557 illam

254 2569 338 2600 vobis
351 2568 484 2599 duximus
500 2567 730 2597 concedendam:

294 2607 461 2646 Rogantes,
476 2615 509 2635 ac
522 2607 550 2635 in
569 2604 623 2635 fide
638 2606 671 2635 δε
686 2603 850 2641 dileffione,
867 2603 967 2640 quibus
974 2602 1071 2633 Nobis
1086 2604 1234 2641 tenemini,
1252 2612 1316 2642 pre-

259 2645 412 2683 cipientes,
435 2644 513 2682 quod
532 2643 615 2674 talem
637 2642 719 2672 vobis
735 2642 841 2679 eligatis
860 2641 888 2670 in
907 2640 1082 2680 Episcopum
1102 2644 1135 2673 δε
1153 2641 1318 2678 Pastorem,

256 2685 305 2752 qsigi
318 2683 387 2714 Deo
403 2684 534 2720 devotus,
555 2680 711 2719 Nobisque
731 2681 764 2712 ὃς
779 2679 888 2717 Regno
907 2678 1006 2709 nostro
1025 2679 1098 2710 utilis
1114 2681 1148 2711 &
1164 2679 1250 2710 fidelis
1267 2689 1317 2710 ex-

259 2733 268 2753 i
295 2731 332 2752 at.

292 2760 329 2791 In
349 2760 428 2798 cujus
446 2760 502 2797 rei,
517 2758 578 2789 &c.

248 2880 252 2884 .
296 2836 387 2867 Teste
406 2834 491 2875 Rege
510 2833 582 2873 apud
601 2823 872 2872 westmonasterium,
889 2832 1004 2864 decimo
1021 2832 1130 2864 oaavo
1145 2831 1191 2864 die
1208 2832 1293 2872 Julii.

688 2911 741 2939 Per
757 2912 850 2940 Breve
864 2909 897 2939 de
916 2911 1037 2940 Privato
1053 2909 1153 2947 sigillo.

343 3042 391 3074 De
415 3037 605 3082 Restitutione
628 3038 852 3084 Temporalium
874 3049 927 3082 pro
953 3038 1087 3084 Episcopo
1112 3037 1242 3072 London,

269 3125 353 3182 RE
365 3123 395 3156 X
406 3148 415 3163 ,
432 3123 537 3154 ducere
560 3123 593 3152 ὃ(
620 3121 696 3153 fideli
716 3122 766 3152 suo
781 3121 887 3160 Majori
897 3144 906 3159 ,
924 3120 1067 3161 Efiaetori
1081 3121 1213 3154 Civitatis
1226 3124 1324 3155 nostre

345 3162 538 3201 Londinenfis,
555 3161 691 3191 Salutem.

296 3203 436 3234 —Vacante
455 3210 542 3240 nuper
560 3199 634 3230 Sede
657 3198 815 3237 Episcopali
837 3198 1018 3238 Londonienfi
1036 3209 1083 3236 per
1095 3199 1323 3232 Transsationem

270 3241 361 3271 ultimi
378 3240 511 3278 Episcopi
525 3237 647 3274 ibidem,
663 3240 791 3267 Dccanus
806 3236 843 3271 όν
861 3236 1014 3275 capitulum
1030 3237 1153 3268 Ecclesie
1168 3238 1325 3270 Cathedra-

270 3280 302 3310 lis
319 3277 512 3319 Londonienfis
529 3275 670 3316 predicte,
690 3275 817 3305 Licentia
831 3275 925 3305 nostra
941 3277 1023 3312 petita
1035 3278 1135 3313 pariter
1149 3278 1182 3308 δε
1197 3278 1325 3315 obtenta,

271 3318 474 3348 Reverendum
499 3318 529 3346 in
550 3313 670 3345 Christo
692 3314 804 3344 Patrem
825 3312 998 3343 Willielmum
1017 3314 1106 3344 Laud
1117 3325 1200 3354 nuper
1217 3315 1325 3346 Batho-

271 3355 388 3396 nienfim
402 3354 438 3390 &
453 3353 605 3393 Wellenfim
621 3351 814 3390 Episcopum,
831 3352 860 3381 in
876 3361 977 3383 eorum
992 3350 1168 3392 Episcopum
1181 3354 1214 3384 &
1226 3354 1327 3386 Pasto—

272 3404 335 3426 rem
350 3395 391 3424 ele
411 3401 508 3423 erunt:

312 3432 371 3463 Cui
392 3403 510 3470 gquidem
532 3428 672 3461 Elee‘tioni
692 3430 724 3461 &
742 3427 862 3459 Persone
878 3428 915 3459 sic
932 3428 1020 3459 clerae
1036 3427 1160 3468 Regium
1177 3430 1326 3462 Affensum

274 3471 406 3502 nostrum
427 3469 604 3499 adhibuimus
622 3470 654 3498 δε
675 3467 824 3504 favorem,
843 3465 976 3505 spi-iusque
989 3467 1149 3498 fidelitatem
1165 3468 1263 3500 Nobis
1279 3470 1328 3500 de-

274 3512 364 3540 bitam
387 3519 440 3548 pro
464 3508 545 3538 dieto
564 3506 736 3545 Episcopatu
759 3506 934 3543 recepimus,
953 3514 985 3534 ac
1001 3505 1188 3543 Temporalia
1203 3508 1326 3544 ejuldem

276 3548 457 3586 Episcopatus
477 3548 611 3585 (exceptis
633 3545 769 3575 omnibus
791 3543 943 3581 ManeriiS,
960 3543 1072 3581 Terris,
1091 3545 1277 3576 Tenementis
1294 3548 1328 3576 ὃς

277 3586 518 3617 Hereditamentis
529 3594 596 3613 cum
611 3583 790 3614 pertinentiis
804 3583 933 3618 predicto
948 3581 1128 3620 Episcopatui
1145 3583 1254 3613 dudum
1269 3584 1328 3622 spe>-

278 3625 421 3655 &antibus
443 3625 475 3654 δε
501 3622 722 3661 pertinentibus,
741 3622 832 3650 modo
848 3621 876 3650 in
891 3630 990 3650 manus
1005 3621 1113 3651 nostras
1127 3623 1223 3660 vigore
1238 3623 1330 3660 cujus-

279 3663 344 3692 dam
370 3663 456 3694 Aeliis
478 3660 673 3697 Parliamenti,
692 3659 780 3689 Anno
801 3658 896 3697 Regni
921 3658 1132 3695 prechariffime
1150 3661 1261 3690 Sororis
1275 3670 1329 3690 no-

280 3700 334 3730 stre
359 3699 525 3730 Elizabethe
547 3708 634 3735 nuper
657 3697 763 3734 Anglie
783 3697 895 3736 Regine
914 3697 1050 3727 defuncte
1076 3699 1171 3733 primo
1183 3698 1250 3728 inde
1263 3699 1330 3729 editi

281 3739 314 3768 &
330 3739 445 3775 provili,
470 3737 565 3769 eleestis
580 3738 611 3767 ὃς
626 3738 731 3773 captis,
749 3735 767 3765 si
787 3745 841 3774 que
854 3734 1016 3773 hujusmodi
1032 3735 1102 3773 sint,
1121 3746 1154 3765 ac
1169 3737 1198 3766 in
1211 3736 1331 3766 Scacca-

281 3777 325 3805 rio
346 3777 444 3806 nostro
465 3776 501 3805 de
525 3776 666 3805 Recordo
689 3776 914 3809 remanentibus)
932 3775 958 3804 ei
972 3773 1143 3804 restituimus
1157 3784 1206 3812 per
1222 3775 1332 3812 presen-

276 3821 317 3844 tes

318 3836 355 3881 Et
377 3850 441 3880 ideo
463 3852 513 3880 tibi
534 3852 719 3889 precipimus,
734 3850 811 3888 quod
826 3850 934 3889 prefato
949 3849 1053 3880 Eleeto
1068 3849 1256 3888 Temporalia
1270 3861 1332 3889 pre-

283 3886 361 3919 dieta
382 3888 562 3926 Episcopatus
579 3889 773 3929 Londonienfis
792 3890 927 3928 prediffl,
946 3899 1016 3919 cum
1030 3888 1209 3919 Pertinentiis
1221 3891 1251 3919 in
1271 3889 1336 3920 Bal-

281 3927 336 3958 liva
361 3934 406 3956 tua
425 3928 558 3961 (exceptis
579 3930 764 3963 preexceptis)
782 3929 838 3957 una
856 3937 923 3958 cum
937 3928 1058 3957 exitibus
1069 3928 1102 3958 &
1118 3927 1251 3965 proficuis
1265 3928 1331 3958 inde

279 3976 296 3997 a
311 3965 356 3996 die
363 3963 567 3996 Transsationis
574 3967 680 4001 Georgii
695 3967 860 3995 Mountat'ne
873 3964 1108 4005 ultimiEpiscopi
1122 3966 1240 4005 ibidem,
1257 3966 1331 3998 huc-

1343 1570 1518 1609 Episcopum
1528 1590 1538 1607 ,
1553 1570 1581 1600 in
1595 1579 1696 1599 eorum
1713 1568 1888 1606 Episcopum
1904 1568 1937 1599 &
1951 1566 2097 1598 Pastorem
2113 1569 2272 1608 elegerunt:

1381 1609 1439 1640 Cui
1465 1608 1583 1647 quidem
1610 1607 1753 1638 Elestioni
1772 1608 1805 1638 ὅ(
1831 1605 1952 1636 Persone
1980 1606 2016 1636 sic
2033 1607 2122 1637 eleffite
2135 1607 2260 1647 Regium
2275 1607 2407 1640 nostrum

1344 1647 1495 1679 Aflensum
1513 1646 1692 1689 adhibuimus
1708 1645 1742 1675 &
1757 1644 1897 1682 favorem,
1914 1644 2049 1687 ipsiusque
2065 1643 2226 1676 fidelitatem
2244 1646 2343 1676 Nobis
2357 1649 2408 1678 de-

1345 1688 1433 1718 ditam
1455 1695 1508 1726 pro
1534 1685 1615 1716 dieto
1634 1684 1806 1723 Episcopatu
1831 1692 1895 1714 rece
1917 1692 2006 1720 imus,
2026 1693 2058 1714 ac
2081 1684 2265 1721 Temporalia
2280 1686 2407 1723 ejusdem

1346 1723 1530 1763 Episcopatus
1549 1724 1694 1762 (exceptis
1709 1722 1846 1752 omnibus
1903 1722 2017 1760 aneriis,
2034 1720 2149 1760 Terris,
2168 1723 2357 1756 Tenementis
2372 1726 2407 1755 &c

1345 1763 1588 1795 Hereditamentis
1602 1771 1671 1792 cum
1690 1760 1870 1792 Pei-tinentiis
1886 1760 2018 1799 predicto
2030 1759 2212 1799 Episcopatui
2227 1762 2335 1794 dudum
2348 1766 2409 1802 spe-

1347 1803 1487 1834 &antibus
1509 1802 1541 1833 ὃ(
1561 1801 1782 1839 pertinentibus,
1799 1799 1889 1829 modo
1911 1799 1939 1828 in
1965 1808 2062 1829 manus
2084 1802 2192 1830 nostras
2207 1801 2304 1839 vigore
2319 1802 2410 1840 cujus-

1347 1841 1415 1872 dam
1428 1840 1517 1870 Actus
1532 1839 1730 1876 parliamenti,
1750 1838 1836 1868 Anno
1852 1836 1949 1876 Regni
1964 1837 2173 1877 prechariffime
2187 1838 2299 1869 Sororis
2312 1843 2409 1871 nostre

1347 1878 1515 1910 Elizabethe
1529 1887 1619 1916 nuper
1634 1877 1736 1915 Anglie
1745 1876 1857 1915 Regine
1872 1876 2007 1907 defuncte
2024 1879 2119 1916 primo
2136 1878 2202 1908 inde
2217 1878 2326 1909 editi&
2340 1889 2409 1918 pro-

1347 1919 1418 1957 visi,
1435 1918 1529 1949 electis
1551 1917 1584 1948 &
1599 1917 1706 1956 captis,
1722 1916 1740 1946 si
1758 1925 1815 1953 que
1827 1913 1990 1952 hujusmodi
2007 1915 2076 1954 lint,
2095 1926 2127 1946 ac
2144 1917 2175 1946 in
2188 1916 2342 1948 scaccario
2354 1929 2407 1949 no-

1348 1956 1408 1988 stro
1425 1956 1461 1987 de
1477 1955 1614 1986 Recordo
1630 1955 1850 1989 remanentibus)
1869 1954 1896 1984 ei
1914 1952 2081 1984 restituimus
2097 1963 2144 1991 per
2159 1956 2314 1995 presentes,

1386 1995 1426 2027 Et
1441 1995 1508 2026 ideo
1527 1995 1582 2025 tibi
1598 1994 1768 2033 precipimus
1783 1992 1862 2030 quod
1877 1992 1971 2023 eidem
1979 1992 2085 2023 Eleeto
2094 1993 2281 2031 Temporalia
2290 1995 2411 2034 Episco-

1351 2043 1431 2075 patus
1439 2032 1553 2073 Elienfis
1568 2031 1696 2071 predicti,
1712 2041 1781 2062 cum
1790 2031 1966 2062 Pertinentlis
1980 2031 2010 2061 in
2020 2030 2120 2062 Balliva
2136 2042 2182 2062 tua
2197 2037 2335 2073 (exceptis
2348 2044 2413 2072 pre<

1352 2073 1487 2111 exceptis)
1498 2072 1630 2102 unacum
1640 2071 1799 2101 exitibus&
1829 2068 1942 2100 roficuis
1955 2071 2020 2100 inde
2033 2080 2050 2100 a
2066 2073 2161 2108 primo
2176 2072 2223 2102 die
2232 2075 2307 2103 Maii
2321 2076 2412 2105 Anno

1353 2111 1478 2142 Domini
1504 2108 1647 2150 Millqfimo
1669 2109 1794 2149 sixt-ente
1805 2119 1856 2138 tmo
1876 2107 1998 2150 vicesimo
2014 2110 2130 2147 offam,
2148 2110 2295 2149 hucusque
2308 2121 2413 2151 prove*-

1352 2151 1495 2181 nientibus
1511 2149 1569 2179 sive
1587 2148 1791 2185 crescentibus,
1810 2147 1910 2185 absque
1930 2147 2025 2186 aliquo
2046 2148 2199 2186 Compoto
2212 2159 2258 2181 aut
2273 2151 2367 2189 aliquo
2382 2162 2414 2183 a-

1352 2190 1391 2219 lio
1410 2187 1528 2228 proinde
1542 2187 1626 2218 nobis
1639 2196 1760 2226 quoquo
1777 2187 1867 2229 modo
1886 2186 2050 2226 reddendo,
2069 2187 2204 2219 solvendo
2219 2190 2264 2220 vel
2279 2189 2414 2223 faciendo

1352 2228 1411 2259 fine
1421 2227 1555 2258 dilatione
1569 2225 1683 2264 liberes;
1702 2226 1776 2257 ialvo
1788 2234 1852 2263 Jure
1863 2223 2017 2262 cujussibet.

1387 2303 1478 2336 Teste
1490 2302 1572 2344 Rege
1587 2302 1662 2342 apud
1678 2301 1955 2342 Westmonaslerium,
1973 2301 2091 2334 decimo
2109 2304 2214 2336 octavo
2230 2304 2277 2335 die
2292 2303 2377 2343 Julii.

1688 2380 1742 2409 Per
1759 2382 1854 2410 Breve
1871 2379 1903 2409 de
1922 2382 2044 2410 Privato
2062 2380 2168 2418 sigillo,
2185 2379 2246 2414 &aa

1390 2457 1561 2490 Consimilia
1580 2457 1676 2488 brevia
1693 2456 1856 2500 diriguntur
1874 2453 2068 2499 Escaetotibus
2084 2455 2241 2493 subscriptis
2256 2458 2285 2488 in
2303 2459 2378 2498 sepa.

1485 2497 1588 2528 ralibus
1607 2495 1800 2526 comitatibus
1818 2495 1976 2532 iubicripus
1997 2494 2046 2524 sub
2060 2495 2122 2525 data
2139 2495 2274 2532 predicta.

1390 2571 1533 2612 Efiaetori
1543 2571 1594 2610 suo
1611 2575 1641 2601 in
1659 2574 1798 2600 comitatu
1816 2572 2028 2607 Huntingtonie.

1392 2610 1534 2649 Efiaetori
1544 2609 1596 2648 fico
1615 2613 1644 2640 in
1662 2613 1801 2639 comitatu
1818 2610 1880 2647 Νᾳν
1895 2607 1966 2639 ὸΙιίε.

1391 2649 1534 2687 Escaetori
1545 2648 1596 2687 fito
1615 2651 1645 2678 in
1665 2651 1803 2676 comitatu
1822 2650 1859 2676 Su
1883 2646 1954 2676 olcie.

1392 2687 1533 2725 Efiaetort
1544 2685 1596 2726 fito
1613 2690 1643 2715 in
1662 2689 1799 2715 Comitatu
1817 2685 1935 2723 Essexie.

1387 2725 1528 2764 Efiaetori
1539 2725 1591 2764 suo
1608 2727 1637 2753 in
1656 2727 1796 2753 Comitatu
1813 2722 1984 2761 Hertfhrdie.

1391 2763 1532 2804 Efia'etori
1542 2762 1594 2803 fico
1608 2765 1638 2792 in
1656 2765 1793 2792 Comitatu
1809 2761 2002 2800 Mia'dlefi’xie.

1391 2803 1500 2840 Majori
1517 2802 1659 2842 Eftaetori
1669 2799 1722 2839 fico
1738 2803 1874 2830 Civitatis
1890 2800 2018 2830 London.

1390 2877 1430 2910 Et
1449 2877 1620 2909 Mandatum
1639 2876 1681 2907 est
1704 2876 1849 2908 Militibus
1859 2899 1868 2914 ,
1885 2877 1977 2906 liberis
1991 2875 2173 2908 Hominibus
2187 2878 2220 2909 &
2235 2881 2372 2913 omnibus
2385 2891 2415 2913 a-

1354 2917 1397 2949 liis
1413 2917 1596 2948 Tenentibus
1617 2915 1653 2946 de
1675 2914 1842 2954 Episcopatu
1861 2915 2006 2953 scetii-stc,
2023 2915 2099 2952 quod
2120 2917 2212 2948 eidezn
2235 2917 2338 2950 Εἷεξῒο
2351 2929 2415 2951 tan-

1357 2966 1444 2994 quam
1459 2953 1603 2998 Episcopo
1618 2955 1651 2985 &c
1668 2954 1807 2985 Domino
1822 2954 1872 2984 suo
1886 2956 1914 2984 in
1928 2953 2074 2991 omnibus,
2096 2964 2151 2992 que
2165 2957 2198 2985 ad
2212 2955 2415 2995 Episcopatum

1357 2994 1517 3062 prediegum
1538 3000 1681 3032 petinent,
1698 2992 1876 3024 intendentes
1895 2992 1963 3030 lint,
1982 2991 2178 3030 respondentes
2193 2995 2226 3027 &
2240 2996 2418 3038 auxiliantes,

1378 3043 1389 3062 Γ
1493 3042 1509 3063 C
1541 3055 1547 3061 .

1358 3043 1377 3071 p
1391 3042 1442 3101 ‹ffit
1449 3040 1539 3109 cucju‘st
1546 3070 1584 3100 rei
1596 3092 1606 3108 ,
1624 3069 1687 3100 &c-

1395 3145 1485 3177 Teste
1503 3145 1587 3183 Rege
1604 3153 1636 3176 ut
1655 3145 1743 3183 supra.

1598 3268 1794 3317 Congedeflier
1808 3279 1864 3315 pro
1885 3269 2021 3316 Epiftopo
2046 3271 2182 3317 Rqffenst‘.

1365 3349 1508 3414 REX,
1525 3353 1647 3385 Dilecris
1667 3354 1766 3400 Nobis
1785 3354 1815 3384 in
1842 3353 1961 3385 Christo
1981 3358 2090 3386 Decano
2104 3356 2143 3392 ὠ·
2158 3357 2281 3396 Capitale
2293 3356 2418 3390 Ecclefie

1442 3393 1539 3425 nostre
1554 3391 1730 3424 Cathedralis
1744 3392 1872 3432 Roffinsis
1883 3415 1892 3431 ,
1910 3393 2044 3424 Salutem.

1397 3432 1441 3463 Ex
1459 3442 1537 3472 parte
1552 3431 1642 3462 vestra
1655 3431 1753 3461 Nobis
1769 3431 1811 3461 est
1825 3431 1970 3462 humiliter
1985 3433 2189 3471 supplicatum,
2207 3441 2254 3470 ut,
2270 3442 2338 3464 cum
2358 3433 2413 3465 Ec-

1363 3471 1445 3501 clefia
1459 3470 1580 3508 prediera
1596 3479 1644 3509 per
1663 3468 1889 3499 Transsationern
1905 3471 1998 3501 ultimi
2013 3471 2146 3510 Episcopi
2159 3472 2280 3508 ejusdem
2298 3472 2332 3502 ad
2346 3472 2418 3510 Epi-

1363 3510 1512 3546 scopatum
1534 3507 1684 3546 Elienftm,
1700 3509 1760 3547 jam
1779 3517 1861 3538 vacet
1881 3510 1914 3540 ὃς
1932 3508 2056 3540 Pastoris
2071 3512 2100 3540 lit
2115 3509 2213 3540 solatio
2225 3509 2370 3549 destituta,
2389 3523 2419 3542 a-

1364 3548 1434 3577 lium
1450 3548 1533 3577 vobis
1544 3547 1664 3583 eligendi
1678 3548 1708 3576 in
1724 3546 1896 3586 Episcopum
1912 3548 1945 3578 &
1960 3547 2104 3579 Pastorem
2120 3548 2279 3578 Licentiam
2290 3549 2416 3581 nostram
2432 3538 2464 3598 ζ,

1364 3586 1555 3616 fundatoriam
1575 3586 1658 3615 vobis
1677 3584 1836 3615 concedere
1853 3587 2049 3624 dignaremur,

1402 3624 1487 3667 Nos,
1505 3623 1642 3667 Precibus
1657 3622 1758 3666 vestris
1774 3624 1803 3652 in
1819 3623 1875 3654 hac
1894 3634 1970 3662 parte
1988 3623 2174 3654 favorabiliter
2187 3623 2366 3666 inclinantes,
2384 3627 2419 3658 li-

1365 3671 1487 3693 centiam
1504 3661 1578 3691 illam
1594 3662 1676 3690 vobis
1691 3661 1821 3691 duximus
1835 3662 2064 3692 concedendam:

1386 3700 1561 3744 ‘Rogantez
1578 3709 1610 3729 ac
1626 3701 1656 3729 in
1671 3699 1725 3729 fide
1739 3701 1770 3730 δε
1787 3700 1951 3743 ᾀὶΙεέὶίοηε,
1966 3700 2066 3743 quibus
2083 3698 2179 3729 Nobis
2193 3684 2341 3740 tenemini,
2357 3714 2420 3742 pre-

1366 3748 1511 3774 cipientes²
1529 3738 1608 3775 quod
1628 3738 1712 3782 tale-m
1728 3739 1812 3768 vobis
1825 3739 1931 3775 eligatis
1942 3739 1970 3767 in
1978 3737 2153 3780 Episcopum
2163 3738 2194 3768 ὃ(
2202 3738 2361 3782 Ριιιὶοτειη,
2369 3745 2420 3782 qui

1368 3776 1439 3844 Di?¹
1450 3775 1754 3852 cleeffitggursgithlgsgsque
1768 3777 1803 3807 δε
1818 3775 1923 3814 Regno
1937 3775 2037 3806 nostro
2052 3775 2122 3805 utilis
2134 3776 2167 3806 &
2181 3778 2267 3809 hoelis
2279 3780 2387 3812 existat.

1602 3837 1612 3852 ,
1692 3838 1698 3844 .

1407 3890 1497 3922 Teste
1515 3890 1597 3931 Rege
1615 3891 1689 3941 apud
1708 3888 1975 3929 Wstmonasterium‚
1991 3887 2110 3919 decimo
2123 3890 2231 3924 ostavo
2244 3893 2291 3925 die
2305 3893 2385 3933 Julii.

1713 3968 1767 3996 Per
1785 3969 1877 3997 Breve
1891 3965 1925 4002 de
1942 3966 2065 3998 Privato
2081 3966 2173 4007 sigillo
2178 3991 2191 4007 ,
2205 3968 2267 4006 &aa
2384 4009 2415 4038 D

2416 4018 2431 4038 e

2431 1579 2457 1597 n.
2474 1579 2505 1605 4.

2437 3375 2536 3408 Ann.I

2463 3417 2536 3446 1628

2433 3458 2493 3483 Pat.
2507 3466 2536 3492 4.

2434 3497 2499 3522 Car.
2515 3503 2536 3522 ι.

2477 3533 2523 3567 36.

2482 3572 2511 3598 6.
