2536 4255
10 178 86 210 1Sim.
101 175 144 208 D.

29 216 114 254 1625.

18 259 61 283 dn.
85 264 107 281 1.

16 297 71 322 Sar.
94 302 118 320 r.

3 940 138 979 ·xv111;

3 983 68 1017 64¹.

780 89 890 131 ET
974 90 1237 135 ACTA

161 175 291 206 simonie
315 175 370 206 hac
383 176 448 206 vice
461 176 644 216 spectantem.
682 175 720 206 Et
737 175 897 212 diriguntur
911 175 947 207 he
967 176 1061 208 Litere
1074 178 1219 208 Reveren—

162 214 201 244 do
218 215 246 243 in
263 213 383 243 Christo
402 214 476 245 Patri
493 215 628 246 Domino
643 213 763 244 Samueli
777 214 936 244 Norwicen'
951 214 1109 255 Episcopo.

193 252 282 283 Teste
302 251 387 290 Rege
406 262 437 284 ut
457 255 544 292 supra.

192 329 432 361 WVerELMus
454 330 635 364 FRANcKE,
656 327 802 364 Clericus,
822 329 850 357 in
874 326 990 360 Artibus
1015 328 1155 368 Magister
1169 328 1220 359 ha-

155 369 204 398 bet
219 368 381 398 consimiles
403 369 508 398 Literas
524 368 655 396 Parentes
673 367 708 396 de
723 366 931 397 Presentatione
944 369 977 398 ad
996 367 1165 400 Re&ormm
1179 368 1216 397 de

156 405 267 443 Poghill
288 406 406 437 Dioces'
429 405 519 436 Exon'
541 415 590 441 pei·
608 404 841 442 Refignationem
862 405 957 435 ultimi
978 405 1175 438 Incumbentis
1197 408 1219 435 i-

161 444 259 475 bidem
278 445 340 482 jam
367 452 532 480 vacantem,
552 445 585 473 &
601 442 636 471 ad
654 442 777 473 nostram
802 443 1040 474 Presentationem
1062 445 1146 483 pleno
1157 445 1221 483 jure

156 483 338 520 spediantern.
375 482 412 512 Et
431 482 590 516 diriguntur
608 480 645 510 he
662 480 756 511 Litere
770 480 946 512 Reverendo
962 483 990 512 in
1005 482 1125 514 Christo
1141 484 1219 514 Patri

158 521 296 552 Domino
311 519 454 550 Valentino
474 519 568 548 Exon’
586 518 739 555 Episcopo.

193 559 284 590 Teste
296 558 378 596 Rege
390 557 463 594 apud
479 556 738 597 Wstmonallerium
747 581 757 596 ,
776 557 870 595 primo
885 557 943 588 Die
956 557 1052 596 Junii.

154 639 174 642 ””
193 635 431 665 WiLLissLMUS
452 633 609 670 FoSTER,
628 632 755 664 Clericus
781 633 867 665 Sacre
887 634 1053 674 Theologie
1074 633 1220 665 Professor

155 674 242 704 habet
264 672 425 702 consimiles
454 672 562 702 Literas
584 671 713 702 Parentes
725 672 761 702 de
774 672 983 704 Presentatione
997 675 1031 704 ad
1048 674 1217 704 Recioriam

155 713 192 742 de
205 710 390 741 Northenden
407 710 524 741 Dioces’
538 709 655 750 cestren'
667 712 726 748 jam
742 711 869 748 legitime
886 713 919 742 ὃς
933 712 968 742 de
985 716 1043 750 iure
1056 721 1218 750 vacantem,

152 751 187 781 &
204 750 238 779 ad
254 749 378 780 nostram
393 748 635 789 Bresentatiouem
651 758 697 786 per
715 748 823 786 lapsum
840 751 974 788 temporis
990 751 1036 780 vel
1051 750 1146 788 aliquo
1162 751 1217 780 alio

151 798 332 825 quocunque
360 787 450 817 modo
472 788 526 817 bac
554 788 618 817 vice
631 786 812 823 spectantem.
847 787 884 818 Et
902 788 952 818 diri
978 797 1059 819 untur
1075 789 1111 818 he
1125 790 1219 820 Lirere

153 826 332 858 Reverendo
348 828 377 856 in
394 825 513 856 Christo
528 824 602 855 Patri
617 824 751 855 Domino
765 824 896 863 Johanni
910 830 958 867 Ciff
970 828 1025 857 ren’
1042 826 1194 867 Episcopo,

187 865 277 897 Teste
296 864 379 904 Rege
396 865 471 902 apud
491 862 770 903 Westmonasterium,
789 864 913 895 secundo
931 867 989 896 Die
1003 865 1121 905 Junii.‘

186 941 207 962 ἢ*
227 942 464 972 WILLIELMUS
483 940 640 972 SLATIER
656 964 665 979 ‚
692 940 778 971 Sacre
799 941 965 982 Theologie
984 942 1147 981 Professor,
1166 942 1217 973 ha-

153 981 203 1011 bet
220 981 379 1011 consimiles
397 980 505 1010 Literas
520 979 650 1011 Patenres
663 978 698 1010 de
713 980 924 1011 Preientarione
940 981 975 1011 ad
992 980 1163 1012 Restoriam
1180 981 1216 1011 de

153 1018 338 1059 Mottisfount
363 1018 485 1051 Dioces’
506 1021 624 1048 Winton
644 1019 703 1056 jam
728 1018 851 1056 legitime
869 1019 901 1050 ἃ
921 1019 956 1050 de
975 1020 1036 1057 jure
1050 1028 1217 1057 vacantem,

151 1060 186 1090 &
201 1058 236 1088 ad
253 1057 378 1089 nostram
398 1056 637 1088 Presentationem
651 1066 699 1094 per
715 1057 823 1093 lapsum
838 1059 978 1095 temporis
993 1058 1037 1087 vel
1050 1058 1143 1097 aliquo
1161 1058 1218 1087 alio

154 1096 249 1127 modo
275 1105 450 1135 quocunque
472 1097 531 1133 jure
551 1095 597 1126 vel
612 1095 695 1126 titulo
710 1095 735 1125 le
757 1096 791 1125 ali
804 1095 860 1126 hac
877 1098 941 1126 vice
957 1095 1141 1133 (pestantem.
1181 1095 1218 1126 Et

153 1135 311 1174 diriguntur
325 1135 361 1166 he
379 1134 474 1165 Litere
487 1133 660 1164 Reverendo
677 1135 707 1164 in
753 1134 845 1163 hristo
859 1134 935 1164 Patri
954 1134 1091 1164 Domino
1108 1137 1215 1164 Lance-

153 1173 209 1204 Ioto
229 1176 271 1203 W
271 1177 350 1204 inton
368 1173 525 1211 Episcopo.
837 1211 842 1215 η
947 1211 952 1216 .

194 1211 285 1243 Teste
300 1212 381 1251 Rege
395 1212 468 1250 apud
485 1210 762 1251 westmonasterium,
779 1210 896 1240 decimo
911 1209 970 1241 Die
983 1209 1076 1248 Junii.

187 1289 367 1328 JonANurs
388 1289 585 1325 TURLAND,
602 1286 750 1325 Clericus,
768 1286 854 1317 habet
869 1287 1031 1318 consimiles
1043 1288 1152 1318 Literas
1167 1287 1222 1318 Pa-

154 1337 246 1359 rentes
267 1329 302 1359 de
326 1327 534 1359 Presentatione
557 1325 593 1355 ad
612 1325 780 1355 Rectoriam
800 1326 837 1355 de
857 1326 1013 1361 Maras-well
1026 1327 1123 1356 Sanc‘li
1141 1329 1221 1356 Petri

155 1367 277 1398 Dioces’
292 1365 478 1401 Petriburgen'
490 1365 550 1402 jam
568 1364 693 1401 legitime
712 1364 794 1406 &fle
805 1365 869 1402 jure
883 1373 1046 1403 vacantem,
1066 1367 1099 1397 ὅ(
1114 1365 1147 1395 ad
1167 1375 1222 1396 no-

157 1405 244 1435 stram
268 1401 506 1435 presentationem
524 1402 581 1432 five
596 1410 631 1431 ex
644 1401 732 1438 pleno
749 1411 809 1439 jure
822 1402 879 1433 five
894 1413 943 1440 per
960 1402 1067 1440 lapsum
1085 1405 1220 1440 temporis

155 1444 175 1474 s
189 1443 339 1474 esitantem.
367 1440 404 1471 Et
418 1440 575 1479 diriguntur
588 1439 627 1470 he
644 1439 740 1471 Litere
755 1440 852 1471 nostre
868 1441 1041 1472 Reverendo
1058 1443 1086 1472 in
1102 1441 1221 1473 Christo

183 1482 235 1513 atri
250 1479 388 1511 Domino
402 1478 499 1509 Thome
516 1478 708 1514 Petriburgen’
722 1479 876 1519 Episcopo.
897 1498 900 1499 ν

194 1518 286 1552 Teste
301 1518 384 1557 Rege
397 1517 473 1556 apud
488 1516 746 1556 Wstmonasterium
753 1541 764 1556 ,
783 1518 922 1549 vicesimo
940 1518 998 1550 Die
1013 1517 1106 1556 Junii.

199 1596 443 1628 WILLmLMUs
457 1593 632 1633 WEBBER,
651 1593 781 1625 Clericus
794 1596 822 1624 in
838 1593 953 1626 Artibus
967 1595 1163 1627 Baccalaurius
1176 1594 1227 1627 ha-

159 1636 210 1667 bet
230 1635 392 1671 consimiles
415 1633 523 1663 Literas
552 1633 683 1664 Patentes
709 1633 745 1664 de
769 1633 982 1665 Presentatione
1000 1634 1035 1665 ad
1058 1635 1225 1665 Rectoriam

160 1675 259 1705 Sam‘li
284 1673 395 1704 Nicolai
416 1671 446 1712 in
470 1670 546 1701 Villa
561 1671 597 1701 de
613 1671 762 1709 Abingdon
778 1671 896 1703 Dioces'
910 1676 1008 1703 Sarum
1024 1683 1072 1712 per
1087 1673 1226 1712 Resigna-

159 1715 272 1744 tionem
296 1712 389 1743 ultimi
407 1710 607 1741 incumbentis
622 1710 729 1740 ibidem
744 1711 802 1748 jam
818 1720 985 1749 vacantem,
1003 1713 1036 1743 &
1050 1711 1084 1742 ad
1100 1712 1225 1742 nostram

160 1750 408 1782 presentationem
428 1748 515 1786 pleno
536 1749 594 1783 iure
615 1748 797 1785 spesiantem.
833 1749 871 1780 Et
898 1750 1055 1789 diriguntur
1075 1750 1110 1780 lie
1130 1751 1227 1781 Litere

160 1789 335 1821 Reverendo
351 1790 380 1818 iu
395 1786 515 1818 Christo
528 1785 606 1817 Patri
623 1786 758 1817 Domino
773 1787 903 1825 Johanm‘
917 1791 1014 1818 Sarum
1029 1788 1183 1826 Episcopo.

201 1827 293 1860 Teste
320 1827 403 1866 Rege
426 1826 500 1865 apud
523 1825 802 1865 westmonasterium,
820 1826 960 1858 vicesimo
975 1835 1079 1866 quarto
1096 1826 1155 1858 Die
1167 1826 1228 1866 Ju—

160 1878 209 1898 am.

198 1944 379 1982 JoHAN‘NEs
399 1942 603 1981 PRICHARD,
627 1937 775 1979 Clericus,
800 1942 829 1972 in
849 1942 964 1974 Artibus
986 1941 1122 1982 Magister
1145 1941 1231 1973 habet

165 1983 326 2013 consimiles
343 1982 449 2012 Literas
464 1981 596 2012 Parentes
611 1981 646 2012 de
658 1980 870 2012 Presentatione
884 1981 919 2012 ad
930 1981 1071 2012 vicariam
1087 1981 1227 2020 deSteyn-

164 2029 214 2052 ton
238 2020 356 2050 Dioces’
380 2019 527 2050 Meneven’
557 2029 607 2058 per
630 2020 765 2051 Mortem
787 2019 881 2050 ultimi
904 2020 1099 2051 Incumbentis
1119 2020 1227 2049 ibidem

159 2061 222 2098 jam
236 2068 395 2097 vacantem,
414 2059 447 2088 ὃς
464 2058 498 2088 ad
512 2059 639 2090 nostram
658 2059 901 2090 presentationem
919 2058 1005 2095 pleno
1020 2059 1083 2096 jure
1100 2058 1229 2096 specstan-

163 2106 234 2128 tem.
270 2097 307 2128 Et
324 2098 478 2136 diriguntur
493 2097 530 2127 he
547 2097 642 2128 Litere
656 2096 833 2130 Reverendo
850 2100 880 2127 in
895 2096 1015 2128 Christo
1034 2096 1107 2127 Patri
1122 2096 1231 2127 Domi·

163 2147 206 2167 no
223 2138 264 2165 W
263 2135 374 2166 illielmo
389 2136 538 2166 Meneven’
552 2135 704 2173 Episcopo.

200 2174 288 2205 Teste
311 2174 394 2213 Rege
408 2174 483 2212 apud
505 2174 785 2214 Wstmonasterium,
800 2174 942 2208 vicesimo
957 2174 1078 2213 septimo
1094 2173 1153 2204 Die
1170 2172 1230 2212 Ju-

164 2224 213 2243 nn.

198 2289 346 2320 THoMAs
367 2289 556 2321 CoLBATcn
573 2315 583 2328 ,
608 2290 756 2329 Clericus,
781 2288 811 2321 in
835 2290 952 2323 Artibus
978 2288 1118 2334 Magister
1143 2288 1230 2324 habet

161 2329 325 2364 consimiles
350 2329 457 2360 Literas
483 2328 614 2360 Parentes
644 2330 680 2360 de
699 2329 907 2361 Presentatione
933 2330 968 2361 ad
995 2329 1168 2361 Restoriam
1191 2328 1226 2359 de

158 2363 296 2396 Ludlowe
318 2366 434 2397 Dioces’
456 2365 568 2405 Hereff’
587 2377 634 2404 per
654 2367 888 2405 Resignationem
910 2368 1003 2399 ultimi
1025 2367 1226 2399 Incumbentis

157 2404 267 2435 ibidem
288 2405 348 2442 jam
372 2414 538 2443 vacantem,
558 2408 590 2437 δε
610 2406 644 2435 ad
665 2406 793 2437 nostram
808 2404 1048 2437 presentationem
1065 2406 1151 2445 pleno
1167 2407 1225 2449 jure

157 2442 341 2480 specs-intem.
377 2442 414 2473 Et
437 2443 598 2477 dirieuntur
612 2444 649 2475 he
664 2444 755 2475 Litere
770 2443 944 2476 Reverendo
960 2447 988 2475 in
1004 2444 1125 2476 Christo
1141 2444 1220 2477 ‚Patri

158 2481 296 2512 Domino
314 2479 455 2520 Francifio
472 2481 587 2519 Hereff'
603 2482 755 2522 Episcopo.
1028 2494 1030 2497 ·
1188 2519 1194 2525 ,

195 2518 283 2551 Teste
298 2520 380 2559 Rege
402 2520 477 2560 apud
496 2520 756 2561 Wstmonasterium
770 2521 941 2561 ,vicesimo
959 2521 1065 2554 octavo
1085 2521 1143 2553 Die
1160 2522 1224 2561 Je-

157 2570 208 2590 mr.
334 2567 336 2571 ·
472 2567 475 2571 ’

192 2635 336 2667 mmm.
357 2635 477 2674 Parce,
496 2635 630 2667 Decanus
647 2634 776 2668 Ecclesie
800 2636 894 2668 nostre
916 2637 1091 2671 Cathedralis
1107 2636 1220 2677 Hereff‘

156 2674 242 2707 habet
268 2675 428 2706 consimiles
444 2674 554 2705 Literas
568 2675 699 2707 Patentes
710 2676 746 2707 de
761 2674 970 2707 Presentatione
986 2677 1020 2707 ad
1040 2677 1218 2707 prebendam

154 2715 211 2745 five
233 2713 448 2745 Canonicatum
465 2714 500 2743 de
512 2716 624 2744 Hinton
648 2712 888 2753 Dioces'Hereff'
904 2725 953 2753 per
969 2715 1100 2747 Mortem
1117 2715 1215 2746 Reve-

154 2752 236 2783 rendi
253 2753 283 2782 in
299 2751 420 2783 Christo
436 2751 523 2784 Patris
542 2752 656 2783 Milonis
672 2763 761 2791 nuper
777 2753 913 2792 Episcopi
928 2753 1104 2794 Glaucestren’
1120 2764 1153 2784 ac
1170 2755 1216 2785 ul-

154 2792 216 2821 timi
238 2791 409 2822 Prebendar’
432 2790 488 2821 five
512 2790 655 2823 Canonici
678 2792 802 2830 ejusdem
825 2792 937 2823 Virtute
959 2793 1102 2829 cujusdam
1120 2793 1214 2823 Com-

154 2829 250 2860 mend’
268 2830 361 2860 eidem
375 2829 552 2862 Reverendo
569 2831 641 2861 Patri
653 2830 720 2862 fad?
734 2832 791 2868 jam
805 2840 973 2869 vacantem,
989 2833 1022 2862 &
1036 2832 1070 2862 ad
1086 2831 1212 2862 nostram

151 2865 393 2898 Presentationem
417 2870 475 2905 jure
495 2868 678 2905 Prerogative
704 2868 823 2900 Corone
838 2869 933 2900 nostre
950 2870 1040 2909 Regio
1055 2880 1101 2901 aut
1117 2871 1212 2908 aliquo

149 2905 205 2935 alio
223 2915 395 2945 quocunque
411 2907 500 2937 modo
517 2908 569 2937 hac
588 2908 652 2938 vice
666 2907 849 2945 spectantem.
885 2907 922 2938 Et
937 2908 1093 2948 diriguntur
1107 2910 1143 2939 he
1162 2910 1212 2939 Li-

146 2948 209 3013 fere
236 2944 407 2976 Reverendo
428 2946 460 2975 'in
480 2944 599 2976 Christo
615 2944 691 2976 Patri
706 2946 839 2977 Domino
854 2946 992 2986 Francisco
1007 2947 1121 2987 Hereff'
1139 2947 1210 2986 Epi-

159 2992 197 3013 co
218 2992 248 3012 o.

183 2993 275 3051 'IEeste
293 3020 375 3060 Rege
391 3021 466 3061 apud
485 3018 759 3062 Westmonasterium,
777 3024 870 3062 primo
889 3022 948 3054 Die
965 3022 1051 3062 Julii.

173 3095 330 3128 ’ΤΗοΜΑς
351 3096 467 3134 Μῐιι,
492 3098 638 3137 Clericus,
655 3099 741 3130 habet
762 3100 921 3130 consimiles
947 3100 1054 3132 Literas
1078 3100 1210 3131 Parentes

94 3142 98 3144 “
149 3137 185 3166 de
205 3136 414 3168 Presentatione
435 3136 471 3167 ad
495 3136 639 3168 Vicariam
665 3139 702 3168 de
725 3138 894 3177 Polefworth
916 3138 1035 3170 Dioces’
1056 3140 1158 3169 Coven'
1173 3142 1207 3171 ὃς

145 3174 261 3205 Lichcn’
284 3184 332 3212 per
358 3174 492 3205 Mortem
514 3176 608 3206 ultimi
630 3175 827 3208 Incumbentis
842 3178 950 3208 ibidem
966 3179 1021 3216 jam
1037 3187 1184 3209 vacantem
1195 3201 1205 3216 ,

145 3215 179 3246 ὅς
193 3214 227 3244 ad
241 3213 367 3244 nostram
384 3213 627 3245 presentationem
645 3214 730 3251 pleno
741 3215 804 3252 jure
820 3216 999 3254 spectantem.
1025 3216 1064 3246 Et
1079 3216 1204 3255 dirigun-

145 3263 190 3284 tur
205 3252 242 3282 he
258 3251 353 3282 Litere
372 3251 548 3284 Reverendo
561 3254 591 3284 in
604 3251 720 3284 Christo
736 3254 813 3285 Patri
831 3255 970 3286 Domino
981 3255 1079 3286 Thome
1097 3255 1202 3286 Coven'

147 3290 180 3324 ὅτ
199 3289 312 3320 Lirhen'
327 3288 479 3330 Episcopo.

182 3328 273 3360 Teste
288 3328 370 3367 Rege
384 3330 456 3367 apud
473 3328 742 3370 Wstmonasterium,
763 3330 871 3370 quinto,
883 3330 943 3363 Die
955 3331 1040 3371 Julii.

181 3405 363 3445 JoHANNES
388 3403 545 3448 ASTELL,
569 3407 716 3446 Clericus,
741 3408 828 3439 habet
845 3408 1005 3440 consimiles
1024 3410 1129 3440 Literas
1146 3410 1202 3442 Pae

145 3451 238 3476 tentes
252 3446 287 3475 de
301 3443 509 3474 Presentatione
524 3445 558 3475 ad
572 3446 741 3478 Rastoriam
756 3448 853 3477 Sanffl
867 3449 1007 3478 Leonardt'
1019 3450 1048 3478 in
1066 3448 1201 3486 mlling-

163 3483 214 3512 ord
233 3493 300 3514 cum
324 3480 439 3521 Capella
462 3480 498 3512 de
516 3484 631 3514 Sotwell
650 3486 741 3516 eidem
754 3495 888 3518 annexata
904 3486 1022 3517 Dioces'
1034 3490 1132 3518 Sarum
1152 3497 1201 3525 per

167 3521 276 3553 sortem
289 3521 380 3551 ultimi
393 3519 586 3564 Incumbentis
602 3523 709 3554 ibidem
721 3524 779 3562 jam
794 3533 956 3562 vacantem,
975 3526 1008 3555 &
1021 3525 1056 3556 ad
1071 3526 1200 3557 nostram

142 3559 384 3592 Presentationem
398 3558 484 3596 pleno
491 3568 553 3597 jure
566 3559 745 3596 spectantem.
763 3562 803 3593 Et
817 3562 973 3601 diriguntur
989 3564 1028 3593 he
1037 3563 1199 3596 LitereRe-

146 3599 271 3629 vei-endo
289 3600 317 3628 in
332 3597 451 3628 Christo
467 3597 540 3628 Patri
557 3596 692 3629 Domino
704 3599 832 3637 Johanni
843 3605 942 3631 Sarum
958 3602 1111 3643 Episcopo.
1137 3620 1139 3623 ν

182 3637 272 3668 Teste
284 3637 366 3676 Rege
382 3636 455 3674 apud
471 3635 748 3675 westmonasterium,
767 3641 869 3676 quinto
885 3640 945 3671 Die
956 3640 1041 3679 Julii.

179 3714 417 3745 WILLIELMUS
437 3712 601 3751 CLARKE,
622 3711 769 3751 Clericus,
785 3715 816 3745 in
832 3716 947 3747 Artibus
962 3716 1097 3757 Magister
1111 3719 1197 3751 habet

143 3752 302 3783 consimiles
327 3753 433 3783 Literas
458 3752 588 3783 Parentes
611 3751 646 3782 de
672 3750 881 3784 Presentatione
907 3755 944 3785 ad
968 3755 1139 3788 Rectoriam
1162 3759 1197 3790 de

145 3789 316 3820 Brincklowe
334 3790 454 3821 Dioces'
471 3789 573 3820 Coven’
597 3790 630 3821 δε
649 3789 762 3820 Lichen'
782 3800 830 3827 per
847 3792 1085 3830 Resignationem
1102 3796 1194 3827 ultimi

146 3827 343 3859 Incumbentis
354 3829 472 3864 ¹ibidem
487 3829 532 3860 vel
546 3829 639 3868 aliquo
654 3829 710 3860 alio
728 3838 901 3868 quocunque
917 3831 1007 3862 modo
1018 3834 1080 3871 jam
1095 3844 1198 3865 vacan-

145 3875 224 3902 tem,
241 3866 274 3896 &
294 3867 327 3896 ad
347 3867 474 3898 nostram
497 3867 737 3899 presentationem
758 3866 844 3904 pleno
865 3868 926 3903 iure
943 3870 1126 3906 spectantem.
1159 3873 1198 3905 Et

1319 92 1781 144 PUBL10A;
2264 118 2318 158 29

1296 175 1471 224 thARDVS
1490 181 1687 224 GouLAND,
1705 186 1757 216 Vir
1777 187 1896 220 literatus
1909 190 1937 220 in
1953 189 2067 222 Artibus
2084 186 2241 232 Magister,
2259 193 2308 224 ha-
2326 189 2400 221 Ann-
2416 192 2456 223 D.

1260 212 1308 244 bet
1325 216 1485 259 consimiles
1496 220 1509 234 ³*
1520 220 1627 262 Literas
1636 222 1767 266 Parentes
1783 226 1817 255 de
1827 228 2031 261 Presentatione
2046 230 2081 261 ad
2090 230 2258 261 Portionem
2274 232 2309 263 de
2348 230 2418 268 1625
2426 252 2432 258 ·

1254 252 1394 281 overhall
1410 264 1439 282 in
1464 254 1587 301 Ecclesia
1609 259 1768 302 i'arochiali
1791 264 1826 293 de
1852 267 1977 306 Ledbury
1999 268 2118 299 Dioces’
2135 269 2238 308 Heref'
2255 280 2303 307 per
2323 272 2374 296 An.
2398 279 2422 298 1.

1255 289 1389 320 Mortem
1423 290 1583 339 Reyerendi
1607 307 1635 325 in
1660 297 1777 329 Christo
1804 300 1892 332 Patris
1918 307 2032 336 Milonis
2058 318 2144 346 nuper
2169 308 2303 346 Episcopi
2322 310 2382 334 Car.
2407 317 2430 334 ¹·

1252 328 1422 367 Gloucestren
1453 338 1545 374 ultimi
1566 332 1765 367 Incumbentis
1786 338 1889 369 ibidem
1902 342 1961 378 jam
1975 355 2141 384 vacantem,
2158 348 2190 378 δε
2204 348 2236 377 ad
2251 358 2302 377 no·
2323 342 2461 378 *XVIHZ

1254 366 1338 397 stram
1355 366 1594 412 presentationem
1608 372 1692 415 pleno
1704 375 1762 410 jure
1775 374 1957 411 spectantem.
1983 382 2020 412 Et
2035 383 2187 416 diriuuritur
2202 385 2238 416 he
2256 386 2305 415 Li·
2323 384 2388 417 ⁶42·

1254 413 1310 474 {ere
1334 405 1507 436 Reverendo
1531 417 1560 437 in
1585 407 1703 440 Christo
1719 412 1793 443 Patri
1809 413 1941 446 Domino
1953 410 2218 463 Franciscif'Hereff'
2235 424 2306 462 lipia

1266 453 1352 480 copo.

1291 482 1381 513 Teste
1396 482 1478 523 Rege
1492 483 1565 521 apud
1580 484 1853 527 blsbfimonaslerium,
1871 490 2048 526 duodecimo
2064 497 2122 529 Die
2135 498 2222 537 Julii,

1293 558 1478 591 RoBERTUS
1499 559 1669 600 Remi-212,
1687 562 1834 602 Clericus,
1852 566 1935 598 habet
1956 571 2113 604 consimiles
2133 574 2237 608 Literas
2253 576 2305 609 Pi-

1255 604 1343 628 tentes
1364 598 1400 628 de
1416 598 1624 630 Presentatione
1637 602 1671 630 ad
1689 601 1859 632 Re&oriam
1874 605 1909 634 de
1924 608 2082 638 Northcove
2097 610 2213 645 Dioces’
2230 620 2308 646 Nor„

1254 637 1349 666 wicen’
1368 645 1416 675 per
1434 636 1566 667 Mortem
1583 639 1675 669 ultimi
1689 639 1887 672 incumbentis
1901 644 2006 674 ibidem
2021 648 2080 683 jam
2098 660 2242 683 vacantem
2272 658 2305 686 ὃς

1255 674 1288 702 ad
1307 674 1433 705 nostram
1448 676 1685 708 presentationem
1698 679 1806 709 ratione
1823 681 1940 716 minoris
1953 682 2037 714 Eratis
2195 678 2307 722 Chi‘che..

1252 711 1291 754 [εξ]
1307 712 1367 743 Filii
1381 713 1414 744 &
1430 713 1552 745 Heredis
1794 716 1930 758 chicheley
1948 721 2003 751 sive
2019 731 2066 760 per
2080 723 2183 760 lapsum
2195 738 2306 769 tempo-

1253 760 1287 780 ris
1300 751 1357 794 five
1372 761 1406 782 ex
1419 752 1504 790 pleno
1518 754 1575 790 jure
1594 753 1651 784 five
1667 753 1763 799 aliquo
1778 755 1832 785 alio
1846 766 2018 797 quocunque
2033 762 2094 797 J'ure
2111 763 2154 792 vel
2169 767 2248 796 titulo
2266 771 2306 799 le-

1251 789 1305 833 ggili
1320 790 1381 832 *hac
1405 791 1468 822 vice
1487 791 1669 826 specstantem.
1705 793 1743 823 ht
1758 794 1916 832 diriguntur
1931 796 1968 826 lie
1989 799 2082 829 Litere
2098 798 2265 835 Reverendo
2277 810 2305 837 in

1252 827 1372 858 §bristo
1390 827 1465 860 Patri
1482 828 1619 860 Domino
1636 831 1753 861 Samueli
1771 834 1929 863 Norwicen’
1944 835 2097 874 Episcopo.

1258 865 1484 942 Dffiegt‘gliRege
1505 870 1577 906 apud
1597 868 1671 899 Edes
1692 869 1817 899 Foxleias
1837 870 1927 902 Com’
1949 875 2037 904 Berks
2060 876 2196 907 vicesimo
2209 889 2308 918 quarto

1290 979 1537 1025 MARMApucus
1555 984 1743 1023 ToMPsoN,
1761 985 1908 1024 Clericus,
1928 989 1955 1019 in
1977 989 2091 1021 Artibus
2109 989 2247 1031 Magister
2263 996 2313 1027 lia-

1253 1019 1300 1048 bet
1317 1020 1477 1049 consimiles
1496 1021 1601 1052 Literas
1622 1024 1749 1054 Patentes
1770 1025 1805 1054 de
1824 1024 2033 1058 Presentatione
2048 1031 2080 1060 ad
2099 1030 2265 1063 Recto-iam
2278 1035 2313 1065 de

1255 1057 1372 1099 ¹[Vimple
1401 1057 1517 1089 Dioces’
1541 1061 1633 1090 Elien’
1656 1072 1704 1097 per
1731 1061 1865 1093 Mortem
1887 1065 1980 1095 ultimi
1995 1066 2190 1100 Incumbentis
2206 1073 2311 1104 ibidem

1251 1104 1311 1132 Jam
1325 1105 1490 1134 vacantem,
1509 1099 1542 1129 ἃ
1557 1100 1591 1130 ad
1609 1101 1734 1132 nostram
1748 1100 1988 1133 Presentationem
2009 1107 2094 1142 pleno
2110 1108 2169 1145 jure
2185 1109 2311 1147 specian-

1257 1141 1326 1163 tem.
1362 1134 1397 1165 Et
1412 1135 1569 1174 diriguntur
1584 1138 1620 1167 lie
1637 1138 1732 1170 Litere
1745 1138 1920 1172 Reverendo
1932 1143 1962 1173 in
1977 1142 2095 1176 Christo
2110 1146 2187 1177 Patri
2202 1148 2313 1180 Domi-

1257 1181 1297 1201 no
1311 1173 1424 1202 Nicolao
1438 1174 1530 1203 Eliezi'
1541 1175 1692 1214 Episcopo.

1259 1210 1492 1287 DTeJl‘stffRege
1515 1214 1589 1251 apud
1607 1214 1681 1246 Edes
1698 1215 1824 1247 Foxleias
1844 1217 1933 1249 Com'
1953 1221 2042 1252 Berks
2062 1223 2199 1255 vicesimo
2218 1234 2317 1265 quarto

1292 1258 1317 1279 le
1360 1261 1376 1279 u
1388 1259 1416 1279 ll.

1296 1323 1441 1369 Canens
1461 1325 1668 1370 *Srocizwnrsn
1684 1353 1693 1369 ,
1721 1331 1852 1364 Clericus
1873 1333 1902 1363 in
1928 1335 2043 1366 Artibus
2068 1331 2209 1376 Magister
2230 1340 2318 1373 habet

1259 1364 1542 1407 consimiles-Literas
1558 1366 1689 1399 Parentes
1701 1369 1737 1399 de
1754 1369 1963 1404 Presentatione
1977 1375 2009 1404 ad
2029 1373 2171 1407 vicariam
2188 1378 2224 1408 de
2238 1382 2317 1409 Har--¹

1258 1401 1371 1445 dingtorz
1387 1402 1505 1434 Dioces’
1516 1406 1727 1450 'Patriburgem'
1744 1418 1793 1447 per
1811 1409 1944 1441 Mortem
1963 1413 2007 1442 vel
2023 1412 2260 1453 Refignationem
2275 1419 2317 1449 ul·
2340 1417 2343 1421 ’

1259 1446 1323 1483 timi
1336 1440 1536 1486 Incumbentis
1554 1444 1661 1475 ibidem
1676 1447 1732 1483 jam
1748 1457 1916 1487 vacantem,
1936 1451 1969 1481 ὃς
1982 1451 2017 1482 ad
2033 1452 2160 1484 nostram
2178 1454 2318 1488 Presenta-

1259 1487 1368 1509 tionem
1383 1480 1469 1516 pleno
1483 1491 1547 1519 jure
1564 1482 1747 1520 spectantem.
1782 1486 1821 1516 Et
1839 1487 1994 1527 diriguntur
2011 1490 2048 1520 he
2063 1491 2159 1522 Licere
2174 1492 2320 1527 Reverens

1232 1562 1234 1564 Ι
1257 1516 1297 1548 do
1315 1518 1345 1547 iri
1360 1517 1478 1549 Christo
1495 1521 1571 1551 Patri
1590 1521 1724 1554 Domino
1741 1523 1837 1554 :rhome
1856 1528 2040 1565 petriburgen’
2055 1528 2212 1568 Episcopo.

1297 1555 1386 1587 Teste
1402 1557 1482 1597 Rsse
1499 1560 1573 1599 apud
1587 1562 1677 1591 Oxon’
1691 1563 1786 1600 primo
1801 1563 1860 1595 Die
1875 1568 2003 1607 Augusti.

1301 1629 1496 1678 Axinnosms
1516 1635 1647 1677 Famis,
1665 1637 1806 1678 Clericus,
1824 1640 1853 1671 in
1870 1642 1986 1674 Artibus
1998 1643 2133 1683 Magister
2149 1647 2231 1679 habet
2245 1658 2317 1681 con-

1261 1671 1360 1702 similes
1381 1672 1485 1704 Literas
1507 1673 1636 1706 Parentes
1658 1677 1693 1707 de
1712 1678 1921 1712 Presentatione
1934 1684 1966 1711 ad
1983 1682 2152 1715 Rectoriam
2169 1687 2205 1716 de
2217 1688 2316 1718 clane-

1261 1709 1346 1753 burgh
1365 1711 1428 1742 alias
1447 1711 1673 1752 Clannaborough
1688 1716 1807 1747 Dioces’
1827 1721 1919 1749 Exon‘
1933 1729 1981 1757 per
2000 1721 2234 1761 Refignationem
2250 1728 2318 1758 ulti-

1263 1757 1304 1778 mi
1320 1748 1520 1781 incumbentis
1536 1753 1645 1783 ibidem
1663 1754 1707 1784 vel
1726 1756 1819 1793 aliquo
1834 1758 1887 1787 alio
1906 1769 2076 1800 quocunque
2091 1763 2183 1794 modo
2195 1766 2254 1801 J‘am
2270 1776 2317 1795 va‘

1262 1795 1391 1831 cantem,
1411 1789 1444 1818 &
1466 1790 1500 1819 ad
1524 1791 1651 1821 nostram
1676 1790 1918 1825 Presentatioiiem
1941 1798 2026 1834 pleno
2050 1800 2113 1837 jure
2136 1802 2319 1837 spectantem.

1263 1824 1302 1855 Et
1317 1826 1477 1863 diriguntur
1495 1828 1530 1858 he
1546 1828 1640 1860 Lirere
1657 1829 1829 1862 Reverendo
1847 1835 1876 1863 in
1891 1834 2008 1866 Christo
2024 1837 2098 1869 Patri
2114 1839 2247 1871 Domino
2264 1844 2318 1870 Va-

1263 1863 1371 1895 lentino
1382 1865 1476 1894 Exon’
1490 1866 1642 1905 Episcopo.

1301 1902 1392 1933 Teste
1408 1902 1492 1943 Rege
1504 1906 1577 1943 apud
1590 1906 1683 1938 Oxon'
1697 1916 1798 1947 quarto
1813 1909 1872 1942 Die
1889 1915 1973 1948 Augu
1996 1916 2014 1943 i.

1303 1979 1449 2025 THoM'As
1468 1981 1653 2021 WESTLEY,
1672 1980 1811 2023 Clericus,
1829 1987 1857 2016 in
1873 1988 1990 2020 Artibus
2005 1990 2143 2030 Magister
2157 1993 2245 2025 habet
2256 2005 2326 2026 con<

1266 2017 1366 2062 similes
1384 2019 1487 2049 Literas
1503 2020 1630 2053 Parentes
1648 2022 1683 2053 de
1696 2023 1907 2056 Presentatione
1921 2028 1955 2058 ad
1972 2029 2113 2061 vicariam
2127 2033 2162 2062 de
2178 2034 2326 2064 Marcham

1266 2056 1385 2088 Dioces'
1403 2061 1503 2102 Sarum
1513 2060 1575 2098 jam
1593 2061 1722 2104 legitime
1740 2064 1772 2094 δε
1787 2064 1897 2102 dejure
1911 2076 2076 2106 vacantem,
2096 2071 2130 2100 δε
2148 2070 2182 2101 ad
2201 2072 2326 2103 nostram

1265 2093 1505 2141 Presentationem
1531 2107 1578 2136 per
1598 2100 1701 2137 lapsum
1726 2104 1866 2139 temporis
1885 2104 1928 2134 vel
1952 2106 2046 2144 aliquo
2070 2107 2125 2138 alio
2150 2119 2325 2149 quocunque

1266 2134 1357 2176 modo
1377 2134 1434 2178 liae
1456 2146 1521 2166 vice
1535 2137 1716 2173 speetaiitem.
1754 2139 1792 2170 Et
1806 2142 1966 2180 diriguntur
1985 2145 2022 2175 he
2038 2145 2131 2177 Litere
2148 2148 2323 2181 Reverendo

1265 2181 1295 2201 iu
1310 2171 1430 2204 Christo
1444 2174 1520 2204 Patri
1536 2174 1671 2207 Domino
1682 2176 1813 2215 Johanni
1825 2183 1920 2210 Sarum
1937 2182 2088 2220 Episcopo.

1304 2210 1392 2242 Teste
1407 2211 1490 2252 Rege
1502 2214 1576 2252 apud
1593 2217 1684 2245 Oxon'
1698 2216 1813 2247 decimo
1831 2228 1932 2257 quarto
1949 2220 2006 2252 Die
2022 2223 2149 2262 Augusti.

1306 2287 1452 2334 Trioins
1473 2290 1616 2335 ANYAN,
1635 2290 1781 2332 Clericus,
1797 2293 1880 2325 Sacre
1902 2295 2064 2338 Theologie
2081 2299 2227 2331 Professor
2238 2299 2326 2334 habet

1264 2327 1427 2358 consimiles
1455 2329 1560 2360 Literas
1585 2330 1718 2362 Patentes
1742 2333 1777 2363 de
1803 2332 2010 2368 Presentatione
2037 2338 2070 2368 ad
2097 2338 2262 2370 Rectoriam
2288 2342 2326 2371 de

1266 2365 1436 2396 Checkena'on
1457 2368 1575 2411 Dioces'
1597 2370 1686 2399 Oxon’
1711 2380 1762 2408 per
1784 2370 1915 2404 Mortem
1940 2375 2034 2406 ultimi
2055 2375 2253 2409 Incumbentis
2269 2380 2325 2410 ibi-

1265 2404 1351 2442 dem,
1362 2407 1414 2436 ‘vel
1441 2406 1536 2445 aliquo
1550 2408 1606 2438 alio
1621 2418 1794 2448 quocunque
1811 2412 1900 2441 modo
1916 2413 1970 2448 iam
1986 2424 2151 2454 vacantem,
2168 2418 2202 2448 &
2218 2417 2252 2447 ad
2269 2428 2322 2448 no—

1265 2442 1350 2473 stram
1367 2443 1608 2477 Presentationem
1623 2457 1673 2484 per
1688 2447 1860 2479 Pravitatem
1874 2450 2000 2483 Simonie
2017 2454 2060 2484 vel
2074 2454 2170 2492 aliquo
2184 2456 2239 2486 alio
2249 2466 2323 2494 quo*

1264 2490 1378 2528 cunque
1397 2483 1487 2526 modo
1504 2484 1686 2522 speetantem.
1717 2486 1756 2517 Et
1772 2487 1930 2526 diriguntur
1944 2491 1981 2521 he
1994 2491 2088 2525 Litere
2101 2493 2276 2526 Reverendo
2291 2496 2324 2526 in

1265 2519 1384 2550 Christo
1399 2521 1473 2551 Patri
1488 2522 1622 2554 Domino
1637 2523 1769 2561 Jolaanm'
1786 2527 1878 2556 Oxon'
1894 2527 2048 2569 Episcopo.

1302 2558 1392 2590 Teste
1408 2560 1489 2599 Rege
1502 2563 1576 2600 apud
1595 2562 1699 2594 Villam
1712 2563 1916 2605 Southampton,
1933 2567 2049 2600 decimo
2063 2569 2123 2601 Die
2136 2571 2306 2610 Septembris.

1297 2645 1443 2677 SAMUEL
1465 2645 1574 2686 FELL,
1595 2646 1678 2679 Sacre
1692 2648 1853 2688 Theologie
1867 2649 2032 2691 Professor,
2051 2654 2084 2684 ὃς
2099 2654 2321 2693 Capellanorum

1261 2686 1431 2716 nostrorum
1445 2684 1576 2715 Ordinar'
1591 2697 1661 2717 unus
1673 2687 1759 2719 habet
1774 2689 1935 2720 consimiles
1948 2691 2055 2723 Literas
2064 2693 2196 2724 Parentes
2209 2696 2243 2725 de
2253 2696 2321 2726 Pre-

1257 2725 1413 2756 sentatione
1433 2724 1468 2754 ad
1482 2724 1650 2756 Redioriatn
1666 2726 1702 2756 de
1717 2728 1906 2764 Sanningwell
1917 2729 1980 2760 alias
1995 2732 2184 2770 Sunningwell
2199 2734 2317 2765 Dioces'

1255 2765 1355 2793 Sarum
1378 2765 1434 2802 jam
1458 2763 1589 2801 legitime
1602 2764 1635 2794 &
1648 2764 1682 2795 de
1695 2766 1757 2803 jure
1774 2775 1940 2806 vacantem,
1959 2769 1991 2799 ὃς
2009 2769 2043 2799 ad
2059 2770 2185 2801 nostram
2202 2773 2316 2803 Presen-

1255 2803 1392 2833 tationem
1407 2803 1465 2834 five
1481 2811 1516 2833 ex
1531 2802 1618 2839 pleno
1629 2803 1691 2840 jure
1707 2804 1764 2834 {ive
1778 2814 1827 2841 per
1843 2805 1949 2843 lapsum
1964 2810 2098 2845 temporis
2112 2810 2166 2839 five
2181 2810 2274 2848 aliquo
2289 2821 2318 2841 a-

1254 2839 1295 2870 lio
1313 2841 1404 2871 modo
1420 2850 1596 2880 quocunque
1609 2842 1672 2879 jure
1686 2842 1730 2872 vel
1744 2843 1828 2873 titulo
1842 2842 1850 2872 l
1886 2845 1919 2874 ali
1933 2846 2112 2882 spectantem.
2137 2847 2174 2877 Et
2188 2848 2314 2885 dirigun-

1255 2886 1300 2909 tur
1320 2879 1357 2948 zi}
1376 2879 1474 2948 ¹[fuere
1497 2880 1672 2912 Reverendo
1685 2881 1716 2911 in
1739 2880 1858 2912 Christo
1898 2885 1947 2913 atri
1963 2882 2098 2916 Domino
2115 2885 2248 2924 Jolaanm‘
2261 2892 2313 2917 Sa-

1253 2927 1329 2946 rum¹
1374 2928 1432 2949 ico
1452 2929 1480 2950 o.

1289 2928 1378 2999 Teste:
1398 2929 1479 2998 Rgge
1500 2959 1574 2997 apud
1594 2957 1668 2990 Edes
1688 2956 1812 2989 Foxi'eias
1834 2957 1923 2990 Com’
1948 2961 2039 2999 Berk,
2055 2962 2193 2994 vicesimo
2216 2966 2312 3002 primo

1252 2993 1312 3025 Die
1326 2997 1496 3035 Septembris.

1288 3078 1476 3110 Eovinnns
1496 3080 1684 3119 Animam,
1705 3082 1854 3121 Clericus,
1871 3083 1900 3114 in
1923 3083 2042 3115 Artibus
2065 3084 2200 3125 Magister
2223 3087 2305 3118 hiber

1252 3119 1412 3149 consimiles
1436 3119 1542 3150 Literas
1563 3120 1693 3152 Parentes
1708 3122 1743 3152 de
1765 3121 1970 3153 Presentatione
1984 3124 2019 3154 ad
2037 3123 2180 3155 Vicariam
2194 3126 2228 3154 de
2244 3128 2306 3155 La-

1250 3158 1382 3187 vernocke
1394 3157 1460 3188 alias
1473 3160 1615 3188 Larnocke
1631 3160 1750 3190 Dioces'
1764 3161 1936 3192 Landaven'
1946 3162 2006 3199 jam
2026 3162 2149 3200 legitime
2167 3164 2198 3193 &
2213 3163 2247 3193 de
2256 3164 2305 3201 ju-

1248 3205 1278 3226 re
1294 3205 1461 3236 vacantem,
1482 3199 1515 3228 ὃς
1530 3199 1563 3227 ad
1580 3198 1705 3229 nostram
1720 3199 1959 3229 Presentationem
1973 3209 2023 3238 per
2038 3201 2144 3238 lapsum
2161 3204 2306 3240 temporis,

1248 3234 1293 3264 vel
1310 3235 1404 3273 aliquo
1418 3235 1472 3265 alio
1486 3242 1660 3275 quocunque
1675 3237 1764 3266 modo
1781 3238 1835 3268 hac
1851 3239 1914 3268 vice
1927 3239 2107 3274 spectantem.
2124 3238 2162 3268 Et
2177 3239 2305 3278 dirigun-

1245 3281 1293 3341 etim
1308 3273 1350 3324 he,
1363 3274 1458 3342 &it-esre
1471 3273 1642 3306 Reverendo
1660 3277 1690 3306 in
1705 3274 1824 3308 Christo
1838 3275 1912 3307 Patri
1927 3276 2059 3307 Domino
2071 3275 2212 3316 Theophila
2223 3281 2306 3310 Lan-

1264 3323 1340 3342 aven
1388 3320 1416 3349 pi
1429 3322 1468 3342 co
1488 3322 1516 3342 ο.

1283 3351 1373 3381 Teste
1392 3321 1566 3389 Regepapud
1591 3351 1664 3383 Edes
1684 3352 1812 3384 Foxleias
1832 3352 1923 3383 Com’
1945 3352 2036 3390 Berk‚
2053 3353 2191 3387 vicesimo
2207 3357 2302 3394 primo

1245 3388 1303 3420 Die
1317 3389 1485 3429 Septembris.

1279 3475 1297 3495 *¹³
1308 3475 1600 3507 Canis-romanus
1620 3474 1746 3512 Pasmr,
1762 3475 1890 3506 Clericus
1923 3475 1951 3503 in
1966 3473 2079 3506 Artibus
2093 3475 2230 3516 Magister
2243 3478 2381 3525 hai-4„<V

1244 3515 1293 3545 bet
1314 3515 1475 3546 consimiles
1496 3515 1600 3546 Literas
1625 3514 1753 3545 Parentes
1773 3514 1808 3544 de
1831 3513 1883 3543 Pre
1896 3513 2039 3543 curatione
2063 3514 2098 3544 ad
2122 3515 2288 3547 Ree'roriam
2305 3514 2357 3562 6⁴-
2388 3500 2441 3538 HL-

1243 3556 1332 3584 Beate
1358 3557 1452 3583 Marie
1477 3556 1621 3593 Staym‘ngs
1640 3552 1759 3583 Dioces'
1777 3550 1900 3581 London’
1920 3561 1968 3588 per
1993 3551 2123 3584 Mortem
2138 3554 2229 3584 ultimi
2240 3555 2290 3584 ln-
2323 3550 2371 3577 4²*

1241 3593 1406 3623 cumbentis
1425 3593 1532 3622 ibidem
1548 3592 1606 3630 jam
1627 3599 1791 3627 vacantem,
1809 3590 1842 3619 ὃς
1863 3589 1896 3618 ad
1911 3589 2037 3619 nostram
2051 3591 2292 3623 presentationem

1243 3631 1331 3667 pleno
1355 3631 1417 3669 jure
1437 3630 1620 3668 spediantem.
1657 3628 1693 3659 Et
1718 3629 1873 3666 diriguntur
1897 3627 1932 3671 he
1954 3628 2048 3660 Litere
2069 3629 2243 3661 Reverendo
2263 3633 2292 3662 in

1242 3668 1360 3699 Christo
1376 3669 1451 3700 Patri
1466 3669 1599 3699 Domino
1612 3670 1722 3704 Georgii)
1735 3664 1858 3695 London'
1873 3664 2025 3703 Episcopo.

1275 3707 1364 3739 Teste
1379 3707 1460 3746 Rege
1470 3708 1543 3746 apud
1557 3705 1672 3745 Foxlq,
1689 3704 1811 3735 secundo
1823 3702 1882 3733 Die
1895 3704 2025 3735 otlabris.

1276 3790 1456 3823 HEchus
1476 3790 1662 3825 ΗΑειςεττ,
1684 3788 1830 3825 Clericus,
1856 3787 1884 3817 in
1909 3786 2022 3818 Artibus
2045 3786 2187 3827 Magister
2210 3791 2293 3824 habet

1241 3830 1399 3860 confimiles
1417 3830 1522 3860 Literas
1537 3829 1663 3858 Parentes
1676 3826 1712 3856 de
1727 3825 1933 3857 Presentatione
1954 3826 1986 3856 ad
2004 3826 2146 3858 Vicariam
2163 3830 2199 3861 de
2215 3831 2292 3861 Trel-

1241 3868 1313 3898 lecke
1335 3877 1405 3899 cum
1431 3867 1540 3905 Capell’
1561 3866 1596 3896 de
1614 3864 1714 3894 Penalt
1737 3864 1829 3894 eidem
1851 3863 1976 3895 annexat'
1992 3865 2109 3896 Dioces'
2123 3869 2292 3899 Landavcn’

145 3905 302 3943 diriguntur
324 3905 360 3935 he
381 3905 478 3938 Litere
494 3905 669 3937 Reverendo
686 3907 715 3936 in
730 3904 851 3936 Christo
865 3905 939 3937 Patri
953 3907 1088 3941 Domino
1101 3910 1198 3943 rhome
1236 3907 1298 3944 jam
1320 3906 1444 3944 legitime
1466 3907 1499 3936 &
1521 3904 1557 3934 de
1581 3905 1638 3941 jure
1661 3912 1825 3939 vacantem,
1852 3904 1884 3934 &
1905 3903 1940 3933 ad
1963 3903 2088 3935 nostram
2110 3906 2298 3939 Presentatio-

144 3942 245 3973 (jiiven'
260 3943 293 3974 &
306 3941 417 3973 Lichen’
435 3944 541 3983 Episco
584 3969 589 3975 .

178 3980 267 4023 Teste
284 3980 367 4022 Rege
384 3983 458 4022 apud
477 3955 753 4024 ibzsfn‘ionasterium,
767 3992 849 4015 nono
863 3982 922 4015 Die
937 3982 1020 4022 Julii.

1242 3954 1312 3974 nem
1328 3953 1384 3987 'per
1404 3945 1508 3987 lapsum
1526 3941 1661 3984 temporis
1680 3941 1725 3970 vel
1745 3941 1840 3978 aliquo
1860 3941 1915 3972 alio
1937 3943 2026 3986 modo
2049 3954 2223 3984 quocunque
2235 3947 2300 3989 jure

1243 3983 1288 4014 vel
1314 3982 1398 4014 titulo
1419 3982 1500 4022 legali
1523 3981 1577 4011 hac
1601 3989 1663 4013 vice
1684 3978 1867 4056 Γρεᾶὃηῑξηι.
1913 3979 1952 4012 Et
1969 3982 2126 4024 diriguntur
2147 3985 2184 4015 he
2204 3985 2301 4014 Litere

2205 4021 2302 4053 Reve⁶
