2536 4255
746 173 860 215 ET
946 177 1219 218 ACTA

0 266 13 296 ,ι
33 253 111 284 ὶὶῃη.
124 252 166 283 D.
222 254 336 287 Utrum
354 257 494 297 predistus
509 261 634 289 Decanus
652 261 866 298 procuraverit,
884 269 915 292 ut
927 261 1025 300 aliquis
1039 263 1083 294 vel
1095 263 1178 302 aliqui
1192 262 1240 293 sti-

0 300 7 334 }
53 292 142 332 1635·
183 295 290 333 pendio
306 296 430 335 Annuo,
452 298 540 329 Diete
563 298 608 327 {eu
630 296 817 328 Communiis
832 308 863 329 ut
877 299 1031 337 loquuntur
1045 302 1113 333 loco
1128 303 1240 333 donen-

0 343 3 360 ι
32 335 86 360 ‹421-
103 341 112 358 1
122 341 145 359 1·
182 342 244 373 tur,
263 336 292 365 in
309 345 444 374 magnum
458 337 534 367 diuite
545 335 673 366 Ecclesie
684 337 821 366 damnum
831 338 1108 378 &incommodum,
1123 342 1172 377 qui
1186 350 1240 371 nec

3 393 7 399 .
31 374 99 399 Car·
120 379 144 399 ¹·
180 372 295 405 Statutis
311 374 379 405 dicti
399 374 535 412 Ecclesie,
554 383 609 405 nec
626 374 728 405 Literis
744 375 783 404 sui
803 375 927 412 ipsorum
944 376 1106 409 Patentibus
1122 379 1238 410 Dietam

1311 179 1786 229 PUBLICA.
2263 210 2341 248 127

1277 263 1331 331 ga,
1346 265 1461 308 *defeetu
1484 269 1545 313 ‘talis
1568 273 1716 315 computi,
1735 274 1864 310 punctim
1886 273 1919 306 &
1940 277 1969 306 in
1984 278 2140 315 particulari
2156 277 2279 311 Decano
2297 283 2331 313 δε
2351 294 2416 324 Am,
2440 294 2483 324 ο

1307 304 1415 370 r{girulo
1427 307 1592 347 exhibendi,
1610 311 1721 341 necne?
2366 334 2453 373 1635.
2473 318 2480 326 ⁸

1346 351 1360 370 e
1376 344 1507 375 omnibus
1520 346 1576 390 aliis
1591 349 1690 387 rebus,
1709 351 1838 388 materiis,
1853 352 1974 382 articulis
1987 354 2021 385 δε
2035 356 2252 387 circumstantiis
2265 361 2326 397 qui·
2346 375 2396 399 An.
2421 384 2428 399 Ι
2439 384 2447 399 ¹

1277 378 1442 418 buscimque
1455 384 1614 419 medietum
1630 386 1783 418 Decanum
1796 390 1829 418 ὃς
1843 392 1965 428 regimen
1974 393 2007 422 ὃς
2021 393 2130 431 gestum
2144 396 2224 426 suurn
2240 399 2268 428 in
2279 399 2329 430 egl-
2343 414 2406 438 Car,
2429 394 2463 444 ¹..

55 1108 137 1137 XIX.

13 1149 90 1184 ⁶⁶34·

178 414 226 443 seu
242 413 459 444 Communium
476 415 516 450 jus
533 412 692 449 expressum
709 412 845 451 habeant,
864 416 973 445 necne?
1000 416 1039 447 Et
1050 426 1188 455 quantum
1203 428 1240 449 eo

180 454 302 482 nomine
320 453 467 483 annuatim
484 450 618 481 solvitur?
635 458 730 479 utrum
748 450 871 488 Expensa
879 453 1079 494 dicstiCollegii
1089 466 1142 493 pro
1151 456 1241 488 Men*

178 491 206 521 sa
231 492 303 521 dieti
328 491 440 521 Decani
462 492 495 521 ὃ(
517 489 778 519 Prebendariorum
797 490 1044 523 Hebdomadatim
1061 495 1238 535 instruenda,

178 538 266 569 prout
287 529 395 560 Statura
409 529 543 564 exigant,
564 528 580 556 a
599 534 729 565 tempore
742 538 801 565 quo
822 530 913 560 dietus
932 530 1067 562 Decanus
1081 532 1236 565 Ecclesiam

178 569 287 599 dietam
304 567 518 607 gubernaverit,
536 565 679 596 moderata
693 565 814 604 fuerint,
834 570 944 599 necne?
963 570 995 599 &
1010 571 1076 608 quid
1091 573 1136 602 vel
1148 582 1236 611 quan-

177 615 241 637 tum
265 616 302 638 eo
324 615 453 644 tempore
476 603 602 640 Expensa
615 605 811 635 excreverint?
838 607 883 636 Ac
899 615 993 638 utrum
1010 619 1062 646 pro
1081 608 1236 641 Elefflonis

174 646 331 684 septimana
352 644 531 674 Communia
545 642 670 682 Expensa
684 643 756 673 inter
771 645 933 675 moderatos
948 646 1070 684 limites,
1084 647 1129 678 sed
1144 650 1235 680 hone-

177 684 234 714 stos
256 692 373 719 tamen,
391 682 442 712 sub
464 681 587 712 Decano
610 681 742 718 predicto
764 684 981 723 contineantur,
999 695 1047 716 aut
1063 688 1091 716 in
1107 688 1233 718 immen-

174 723 234 753 sam
248 721 412 758 vastamque
428 720 579 751 Summam
594 720 786 763 excreverint,
806 722 917 751 necne?
937 722 975 753 Et
991 724 1026 754 ad
1043 734 1130 761 quem
1144 727 1233 757 altum

174 761 346 798 profusionis
361 759 481 799 gradum
497 759 587 788 Annis
604 758 644 787 his
657 758 780 796 ultimis,
800 760 833 790 &
849 760 1024 792 nominatim
1041 764 1129 793 Anno
1143 765 1235 795 mille-

174 800 248 830 simo
270 798 475 829 sexcenteiimo
497 796 641 828 tricesimo
661 797 744 827 tertio
758 796 902 828 ascensum
915 799 978 830 est?
1004 801 1049 830 Ac
1064 810 1162 833 utrum
1177 803 1236 833 Ex-

174 837 256 876 pensa
280 837 358 867 diste
380 835 499 873 Mense,
518 844 576 866 tam
595 843 722 873 tempore
735 834 889 866 Elefflonis
903 847 988 875 quam
1003 840 1150 871 ordinariis
1164 841 1236 879 Sep-

172 877 302 914 timanis,
319 875 435 913 publice
457 875 490 904 &
509 875 538 903 in
563 872 638 916 Billis
661 873 870 910 particularibus
886 874 1009 906 Decano
1025 878 1057 908 ὃς
1073 878 1235 911 Prebenda-

171 916 220 945 riis
242 915 346 945 fuerint
366 913 488 944 exhibita
505 912 541 942 ab
557 912 589 940 iis
609 912 798 950 improbanda
812 913 860 943 vel
874 916 1073 954 approbanda,
1094 925 1177 955 prout
1192 920 1234 950 vi—

172 954 234 983 sum
248 953 344 990 fuerit,
360 952 482 989 &qu‘us
496 950 568 980 vitio
582 949 692 980 fastum
705 949 764 988 est,
778 960 837 990 quo
853 954 947 983 minus
962 953 999 985 fic
1013 955 1235 987 exhiberentur?

171 991 284 1023 Utrum
299 998 361 1021 tum
374 990 445 1020 dieti
462 988 584 1026 Collegii
595 988 787 1019 Oeconomus
801 1000 854 1027 pro
870 999 1001 1029 tempore
1015 994 1147 1033 existens,
1165 995 1235 1026 Cle-

172 1031 236 1060 rico
259 1030 366 1060 Culine
384 1028 454 1058 dieti
476 1026 601 1065 Collegii
622 1028 658 1057 de
679 1027 836 1063 sumptibus
857 1028 1011 1061 Eleffione
1026 1034 1129 1063 ultimo
1148 1033 1235 1072 elapsa

174 1069 321 1107 parcendis
339 1067 525 1097 moderamen
546 1065 662 1103 aliquod
683 1065 888 1106 prescripserit,
906 1076 1026 1107 tumque
1038 1071 1114 1102 diere
1128 1070 1234 1103 Culine

173 1107 304 1138 Clericus
318 1106 473 1143 sumptibus
492 1103 594 1135 *adeo
611 1114 669 1134 non
686 1107 839 1148 pepercerit
855 1117 886 1137 ut
902 1106 985 1138 Lanii
999 1108 1082 1140 solius
1098 1109 1166 1140 Bille
1182 1121 1234 1148 pro

171 1148 258 1178 tribus
276 1154 390 1176 tantum
415 1144 514 1174 diebus
533 1143 567 1174 δε
588 1141 710 1173 dimidio
730 1143 803 1180 diei,
829 1145 862 1174 ad
885 1145 989 1182 viginti
1011 1147 1070 1178 fere
1087 1148 1235 1180 Librarum

172 1185 322 1215 Summam
337 1182 522 1220 accederent,
541 1191 609 1219 quas
622 1181 699 1218 ideo,
715 1179 851 1219 Capitulo
864 1184 1034 1222 inconsulto,
1050 1188 1171 1217 minime
1183 1188 1233 1217 sol-

173 1224 277 1254 vendas
296 1221 470 1253 existimavit
491 1220 632 1257 predietus
656 1220 809 1258 Decanus‚
827 1222 949 1253 absentia
971 1223 1043 1254 dieti
1064 1224 1236 1256 Oeconomi

172 1263 252 1300 usus,
266 1270 351 1300 atque
367 1259 504 1299 Capitulo
521 1258 702 1296 inconsulto,
716 1258 827 1289 distum
844 1259 949 1292 Culine
963 1260 1114 1293 Clericum
1128 1273 1236 1295 exone-

171 1301 290 1332 randum
305 1300 463 1336 curaverit,
481 1297 596 1328 necne?
634 1296 746 1327 Utrum
763 1307 834 1328 cum
846 1298 939 1329 dietus
953 1297 1076 1338 Collegii
1093 1301 1235 1333 Oecono-

173 1350 236 1370 mus
252 1338 420 1377 quibusdam
435 1335 636 1375 dietiCollegii
652 1336 765 1366 famulis
778 1336 916 1378 stipendia
928 1338 972 1368 sua
988 1349 1135 1372 numerare
1146 1341 1236 1372 distu-

168 1378 251 1414 ierit,
268 1377 363 1408 donec
379 1376 548 1413 Capitulum
563 1374 599 1404 de
616 1383 718 1403 eorum
732 1373 855 1416 deiidia,
874 1377 1058 1415 negligentia,
1075 1379 1120 1409 seu
1136 1389 1183 1418 per
1204 1390 1234 1411 e-

170 1425 217 1447 tua
239 1418 254 1446 ἐι
277 1416 358 1446 dieto
375 1415 513 1450 Collegit>
529 1412 651 1442 absentia
666 1415 774 1442 certius
790 1413 907 1444 reddere
923 1416 1074 1455 potuiss‘et,
1092 1419 1171 1455 predi
1204 1429 1234 1450 us

167 1455 324 1492 Decanus,
339 1453 420 1483 disto
436 1452 615 1483 Oeconomo
627 1451 670 1494 ,ὃς
686 1449 822 1487 Capitulo
836 1452 1015 1496 inconsulto,
1035 1455 1172 1493 stipendia
1189 1457 1233 1488 di-

168 1494 215 1524 &a
228 1494 311 1523 dietis
324 1492 435 1523 famulis
454 1496 646 1520 numeraverit
663 1498 711 1518 aut
726 1492 866 1531 numerari
882 1493 996 1530 iecerit,
1015 1495 1128 1525 necne?

204 1532 316 1562 Uti-um
337 1529 480 1568 predictus
499 1531 644 1565 Demeas,
664 1535 797 1563 portione
811 1528 856 1558 sua
873 1539 933 1560 non
948 1540 1118 1571 contentu-9,
1137 1533 1233 1566 Cena-

169 1570 280 1605 culum,
297 1567 460 1604 Cubicula,
479 1565 614 1596 Culinam
635 1566 668 1596 ὃς
681 1564 888 1608 ,(Ῑετνίἢετίυτη
902 1569 982 1599 suum
1000 1579 1048 1601 aut
1062 1581 1164 1602 eorum
1180 1574 1232 1604 ali-

169 1620 240 1647 qua,
260 1608 398 1638 focalibus
420 1607 449 1634 in
468 1604 637 1634 Scholarum
654 1607 732 1633 ulum
748 1607 868 1643 emptis,
886 1607 1043 1646 instruerit,
1063 1611 1177 1642 necne?
1197 1614 1231 1644 &

169 1657 265 1678 utrum
281 1646 379 1677 famuli
396 1644 466 1674 dieti
485 1643 599 1674 Decani
615 1650 662 1673 aut
677 1652 780 1673 eorum
797 1645 900 1683 aliqui,
915 1646 995 1676 dicto
1012 1646 1134 1679 Decano
1148 1648 1231 1682 Rure

166 1686 313 1722 existente,
333 1684 409 1714 Pane
426 1682 557 1720 Potuque
571 1682 601 1711 in
617 1681 763 1712 dierorum
779 1682 961 1715 Scholarium
978 1685 1056 1716 usum
1074 1696 1231 1727 preparato,

164 1725 237 1756 soliti
251 1724 354 1754 fuerint
370 1721 516 1758 viffitare,
536 1720 649 1750 necne?
677 1720 721 1750 Ac
740 1729 836 1751 utrum
853 1723 955 1762 aliquas
967 1724 1032 1755 alias
1047 1725 1106 1763 ejus
1120 1729 1231 1764 generis

163 1763 297 1802 preisuras
312 1760 385 1800 passa
398 1760 481 1790 fuerit
494 1759 573 1790 dic'ta
588 1758 730 1795 Ecclefia,
749 1760 863 1790 necne?

178 1820 188 1831 .
202 1802 248 1832 Ac
263 1810 358 1831 utrum
375 1798 653 1837 predietusnecanus
668 1796 794 1828 debitam
811 1799 956 1837 lignorum
971 1802 1137 1838 portionem
1145 1814 1229 1835 com-

163 1841 300 1870 munibus
320 1839 390 1869 disti
411 1837 538 1874 Collegii
561 1836 719 1874 sumptibus
731 1846 910 1876 procuratam
927 1839 1004 1870 diste
1018 1840 1144 1873 Ecclefie
1159 1843 1229 1875 Pre-

161 1879 304 1911 bendariis
315 1877 447 1915 assignare
463 1874 647 1913 recusaverit,
666 1876 778 1906 necne?

200 1916 312 1948 Utrum
328 1916 548 1952 ThesaurariuS,
565 1914 761 1945 Oeconomus
778 1914 812 1945 &
827 1913 976 1954 Receptor
984 1916 1133 1949 Generalis
1149 1919 1228 1951 diere

162 1955 290 1987 Eccleiie
310 1963 496 1993 acceptorum
518 1954 552 1985 &
573 1952 765 1991 expensorum
791 1955 912 1984 rationes
932 1965 1032 1986 coram
1055 1956 1179 1987 Decano
1193 1960 1228 1990 &

161 1994 299 2032 Capitulo
321 1995 466 2024 annuatim
489 1991 623 2031 reddant,
637 1991 793 2023 secundum
814 1992 923 2024 Statuta
937 1993 1013 2025 dicte
1029 1994 1175 2034 Ecclesie,
1194 1998 1229 2029 ὃς

163 2035 241 2071 cujus
255 2034 326 2064 vitio
340 2033 449 2064 fadi-um
462 2030 514 2068 est,
535 2040 595 2068 quo
611 2031 706 2060 minus
720 2030 770 2061 suo
778 2029 891 2061 Officio
906 2040 938 2063 ut
950 2032 1054 2064 debent
1062 2035 1228 2074 fungantur,

166 2073 200 2105 &
214 2082 250 2103 an
266 2072 405 2102 damnum
419 2069 523 2110 aliquid
538 2069 584 2100 seu
601 2069 828 2101 incommodum
844 2069 917 2110 paffii
935 2070 967 2102 fit
981 2073 1110 2110 predicta
1125 2073 1229 2105 Eccle-

1277 416 1345 447 dem
1367 417 1491 462 lsslcclelia
1515 421 1688 463 collegiata,
1706 436 1740 456 ac
1763 426 1799 456 de
1817 429 1952 459 omnibus
1964 431 2020 459 aliis
2035 433 2131 471 rebus,
2152 438 2272 466 materiis
2290 439 2325 469 ὃς

1277 464 1415 500 negotiis,
1435 457 1700 502 bonaflfacultates,
1719 474 1815 501 terras,
1843 475 2021 507 tenementa,
2038 472 2237 512 poffeffiones,
2250 477 2327 514 jura,

1277 494 1442 533 regalitateS,
1460 495 1575 534 officia,
1591 500 1726 542 redditus,
1744 505 1937 543 reventiones,
1962 517 1994 537 ac
2017 510 2235 544 hereditamenta
2256 516 2326 553 ejus-

1275 532 1343 562 dem
1360 532 1502 572 Ecclesie,
1519 544 1552 564 ac
1572 536 1620 566 alia
1633 548 1801 579 quecunque
1815 542 1920 586 diffitam
1937 544 2088 578 Eccleliam
2107 560 2222 589 quoque
2237 556 2328 584 modo

1274 574 1531 616 concernentibus,
1550 582 1662 605 necnon
1687 578 1721 609 de
1745 581 1886 626 omnibus
1902 583 1958 613 aliis
1977 585 2010 614 &
2032 587 2142 626 singulis
2158 600 2211 628 que
2227 591 2328 623 Vilita-

1308 724 1349 768 Et·
1361 725 1425 756 ideo
1444 726 1536 756 Vobis
1551 728 1584 758 &
1598 726 1735 766 aliquibus
1750 732 1836 762 tribus
1848 742 1894 764 aut
1909 736 2035 772 pluribus
2050 741 2172 774 vestrum
2189 745 2324 783 (quorum

1273 763 1431 800 predictum
1453 765 1713 803 Archiepiscopum
1736 771 1957 810 Cantuariensb'm
1979 786 2069 808 unum
2092 782 2148 812 esse
2164 784 2323 823 Volumus)

1275 800 1465 840 Mandamus,
1486 804 1564 871 {uod
1581 804 1615 836 ad
1628 814 1719 836 certos
1732 806 1790 836 dies
1804 809 1836 839 ὃ(
1849 809 1932 840 locos
1946 823 2017 849 quos
2027 816 2094 856 Vos,
2114 821 2157 849 vel
2172 823 2255 860 aliqui
2268 831 2326 856 tres

1273 848 1321 870 aut
1342 840 1433 877 plures
1452 852 1486 872 ve
1514 851 1576 872 rum
1597 844 1743 911 &quorum
1757 846 1916 881 medietarii
1934 850 2185 895 Archiepiscopum
2201 865 2326 893 Cantua-

1273 878 1387 918 rienfi’m
1411 889 1499 923 unum
1518 880 1574 910 effe
1624 881 1775 920 ominus),
1793 884 1825 914 ad
1848 885 1907 916 hoc
1933 894 2104 925 provideritis
2146 901 2224 936 quod
2247 903 2324 933 circa

1274 916 1404 953 premissa
1426 918 1590 957 diligentem
1613 920 1718 951 faciatis
1740 922 1966 964 inquiiitionem,
1984 929 2015 958 ὃς
2038 941 2099 963 eam
2112 920 2120 933 ’
2137 937 2271 969 ᾱῑῆῑῃξὶρ
2291 941 2325 972 &

1273 955 1503 999 apertefatstam,
1524 956 1622 988 Nobis
1635 959 1664 989 in
1683 958 1886 991 Cancellariam
1903 964 2027 996 nostram
2044 971 2091 1000 sub
2106 958 2206 1006 Sioffljs
2216 977 2314 1007 vestri,

1273 993 1318 1023 vel
1340 1002 1427 1024 trium
1452 996 1496 1025 vel
1513 996 1635 1032 plurium
1657 999 1782 1027 vestrum
1793 1023 1802 1036 ,
1821 1008 1943 1037 quorum
1959 1006 2114 1042 predietum
2131 998 2327 1053 Krchiepiscofl

1273 1040 1344 1068 pum
1367 1034 1591 1072 Cantuartenfem
1615 1045 1703 1066 unum
1726 1036 1784 1066 eise
1808 1037 1964 1078 VolumuS,
1980 1042 2035 1074 sine
2051 1048 2180 1082 dilatione
2195 1055 2309 1085 mittatis

1273 1079 1398 1100 unacum
1415 1073 1599 1111 presentibus,
1621 1073 1886 1107 Mandantesetiam
1896 1076 2028 1122 Decano,
2048 1082 2237 1121 prebendariis
2266 1079 2328 1123 Lu}

1273 1108 1436 1148 dimagistro
1450 1110 1557 1141 Schole
1579 1113 1718 1151 predicte,
1736 1114 1936 1153 Thesaurario,
1957 1116 2133 1155 Serieschallo
2168 1116 2327 1168 Rect’tptori

1274 1148 1306 1177 &
1324 1148 1459 1178 omnibus
1479 1149 1536 1179 aliis
1553 1149 1709 1181 Officiariis
1724 1152 1757 1182 Sc
1774 1152 1914 1184 Ministris
1926 1155 2004 1186 diere
2018 1150 2326 1204 Ecclefie³quibuscun.

1273 1194 1330 1222 que
1351 1196 1403 1222 pro
1425 1195 1555 1225 tempore
1576 1188 1775 1227 existentibus,
1795 1192 1873 1229 quod
1896 1192 2004 1232 Vobis,
2022 1205 2071 1228 aut
2083 1202 2170 1233 tribus
2183 1207 2225 1236 vel
2241 1209 2327 1243 pluri-

1274 1224 1326 1252 bus
1340 1225 1474 1262 vestrum,
1493 1236 1618 1264 quorum
1633 1229 1774 1265 prefatum
1790 1231 2046 1271 Archiepiscopum
2062 1239 2278 1282 cantuariensem
2295 1258 2327 1278 u-

1274 1265 1344 1292 rium
1366 1263 1421 1293 effe
1440 1264 1599 1302 Volumus,
1619 1267 1647 1296 in
1668 1269 1803 1299 omnibus
1819 1270 1852 1300 δε
1868 1270 1980 1308 lingulis
1991 1275 2127 1310 premissis
2141 1286 2249 1314 pareant
2285 1296 2326 1316 re-

1273 1300 1428 1336 spondeant
1450 1303 1484 1334 &
1505 1303 1555 1334 sirit
1578 1305 1771 1344 intendentes,
1808 1308 1852 1337 Ac
1874 1309 2051 1343 Vicecomiti
2065 1313 2226 1350 Comitatus
2239 1308 2328 1354 n'ostri

1274 1338 1474 1385 Miafdkfijxie,
1494 1351 1527 1372 ac
1545 1344 1680 1374 omnibus
1697 1345 1754 1375 aliis
1771 1344 1997 1379 vicecomitibus
2011 1352 2044 1381 ad
2062 1362 2133 1390 quos
2145 1356 2173 1384 in
2189 1356 2239 1389 hac
2253 1370 2328 1397 parte

1271 1379 1441 1445 pertinebit,
1460 1388 1556 1411 tenore
1571 1381 1742 1418 presentium
1760 1383 1948 1424 Mandemus',
1967 1390 2045 1425 quod
2063 1392 2098 1422 ad
2114 1402 2208 1424 certos
2223 1397 2280 1428 dies
2294 1401 2327 1431 &

1283 1424 1336 1446 oca
1359 1427 1416 1455 que
1437 1417 1471 1448 ad
1494 1419 1553 1449 hoc
1575 1421 1768 1459 provideritis,
1787 1432 1834 1453 aut
1853 1423 1935 1463 aliqui
1952 1434 2007 1456 tres
2021 1429 2065 1459 vel
2081 1430 2172 1468 plures
2187 1434 2311 1468 vestrum

1271 1464 1396 1493 quorum
1419 1457 1558 1501 prefatum
1575 1459 1832 1498 Archiepiscopum
1848 1465 2072 1505 Cantuarienftm
2088 1479 2176 1500 unum
2194 1473 2252 1504 effe
2268 1473 2293 1504 V
2295 1461 2330 1506 οἷ

1271 1492 1384 1531 lumus,
1401 1497 1591 1535 providerint,
1610 1499 1643 1528 &
1665 1500 1702 1528 eis
1723 1508 1769 1529 aut
1784 1510 1882 1530 eorum
1897 1502 1998 1541 alicui,
2014 1515 2048 1536 ex
2063 1516 2140 1544 parte
2153 1510 2246 1541 nostra
2262 1512 2330 1545 scire

1271 1530 1412 1576 feceritis,
1431 1536 1527 1565 venire
1542 1535 1645 1566 faciant
1662 1546 1760 1567 coram
1778 1537 1877 1578 Vobis,
1895 1550 1943 1571 aut
1956 1542 2092 1581 aliquibus
2103 1548 2192 1578 tribus
2205 1560 2252 1581 aut
2268 1551 2333 1590 plu-

1271 1571 1348 1601 ribus
1373 1571 1516 1611 vestrum,
1541 1584 1668 1611 quorum
1687 1576 1844 1615 predictum
1867 1578 2124 1620 Archiepiscopum
2148 1589 2333 1620 cantuarien-

1261 1606 1324 1647 sem
1347 1619 1437 1654 unum
1460 1611 1517 1642 esse
1540 1611 1699 1651 Volumus,
1718 1622 1762 1645 tot
1780 1616 1813 1645 &
1828 1617 1892 1647 tales
1904 1619 2012 1655 probos
2025 1622 2058 1652 ὃς
2073 1622 2172 1663 legales
2185 1625 2330 1660 Homines

1269 1646 1307 1677 de
1328 1646 1438 1692 BalliVis
1450 1647 1503 1680 suis
1518 1659 1575 1681 tarn
1591 1652 1661 1682 iufra
1679 1653 1819 1684 libertates
1834 1665 1919 1694 quam
1937 1666 2028 1697 extra,
2047 1670 2095 1697 per
2113 1672 2184 1701 quos
2200 1667 2238 1695 rei
2256 1669 2331 1697 veri-

1270 1693 1312 1716 tas
1333 1696 1362 1716 in
1386 1688 1522 1725 premiffis
1542 1690 1644 1733 melitis
1667 1690 1729 1721 sciri
1744 1695 1847 1729 poterit
1862 1695 1896 1724 ὃς
1913 1695 2016 1734 inquiri
2036 1708 2041 1726 z
2085 1700 2224 1733 Volumus
2241 1708 2329 1736 etiam

1269 1725 1348 1762 quod
1363 1725 1426 1769 'hec
1451 1726 1630 1758 Commiffio
1655 1730 1749 1760 nostra
1768 1741 1820 1768 pro
1837 1732 1950 1764 defectu
1965 1735 2189 1772 adjournamenti
2203 1742 2238 1771 de
2254 1753 2327 1773 tem-

1267 1771 1340 1799 pore
1361 1773 1390 1793 in
1411 1773 1537 1803 tempus,
1554 1776 1602 1810 per
1626 1765 1704 1806 vos,
1722 1777 1769 1799 aut
1783 1770 1891 1807 aliquos
1909 1780 1963 1803 tres
1976 1774 2102 1807 vestrum
2116 1788 2146 1808 ut
2166 1781 2328 1816 predistum

1267 1799 1352 1831 fiendi
1362 1824 1371 1838 ,
1381 1811 1450 1870 ¹gion
1463 1804 1697 1844 discontiriuetur,
1712 1806 1757 1837 sed
1771 1810 1951 1841 continuetur
1964 1822 1997 1843 ac
2011 1814 2039 1843 in
2058 1816 2145 1851 pleno
2161 1819 2263 1850 robore
2278 1822 2329 1851 suo

1266 1848 1381 1871 remane
1401 1850 1431 1871 it.

1302 1915 1337 1947 In
1357 1918 1438 1956 cujus
1455 1919 1513 1958 rei,
1532 1920 1594 1951 ὅτε.

1304 1992 1394 2025 Teste
1411 1996 1518 2036 meipso
1537 1996 1611 2035 apud
1632 1997 1906 2042 PWstmonasterium,
1924 2005 2061 2037 vicesimo
2076 2007 2122 2039 die
2136 2011 2254 2050 Aprili,-

1894 2081 1946 2109 Per
1965 2081 2050 2122 ipficm
2069 2086 2174 2124 Regem,

15 2198 32 2216 ‘⁶
48 2198 133 2227 XIX·
168 2196 194 2225 ³⁸
223 2200 272 2232 Dc
302 2194 499 2240 Commiffione
524 2196 650 2242 speciali
674 2193 806 2243 Philippo
825 2199 940 2235 ,Comiti
970 2197 1161 2234 Pembrochie
1193 2206 1230 2241 ὠ·
1271 2196 1484 2233 Commiffion
1503 2199 1696 2245 particuliere
1714 2201 1730 2234 a
1748 2199 1896 2249 Philippe
1912 2205 2031 2241 Comte
2047 2207 2085 2242 de
2106 2212 2279 2250 Pembroke
2294 2219 2328 2250 ὃς

14 2239 80 2273 ⁶35·
498 2248 730 2292 Mountgomery
751 2249 788 2284 φ’*
814 2246 894 2280 aliis.
1526 2249 1784 2297 Mountgomery
1806 2255 1837 2284 &
1863 2253 1879 2286 a
1904 2252 2054 2290 d'autres.

18 2340 95 2370 Αῃῃ,
106 2339 148 2370 D,
169 2336 251 2387 CH
258 2337 292 2363 A
299 2336 323 2362 R
333 2335 360 2362 L
370 2334 422 2376 E*S
431 2355 440 2369 ,
460 2332 498 2371 by
512 2331 561 2362 the
576 2330 674 2375 Grace
687 2330 724 2361 of
734 2329 806 2361 God
815 2353 826 2369 ,
843 2331 905 2367 &a
1328 2332 1360 2364 H
1370 2333 1395 2364 A
1408 2333 1437 2363 R
1448 2333 1473 2364 L
1482 2332 1506 2363 E
1517 2332 1554 2382 S,
1569 2342 1623 2372 par
1636 2334 1666 2363 la
1675 2337 1804 2382 gracexde
1815 2340 1908 2385 *Dic-uh,
1926 2340 1987 2370 &c.
2253 2371 2256 2376 ,

39 2380 124 2419 χὸζς,
245 2372 298 2402 To
312 2382 365 2402 our
381 2371 454 2410 right
471 2369 559 2408 trusty
574 2370 630 2400 and
650 2369 724 2409 right
742 2370 922 2402 welbeloved
937 2371 1047 2404 Coulin
1061 2374 1117 2405 and
1126 2373 1230 2406 Coun·
1371 2375 1407 2402 A
1418 2379 1493 2402 notre
1506 2379 1564 2401 tres
1571 2372 1652 2413 fidele
1666 2373 1704 2408 ό·
1722 2382 1780 2404 tres
1791 2376 1942 2408 bien-amn<
1950 2379 2044 2420 Caufin
2056 2380 2095 2416 (ῤ’
2113 2382 2256 2423 ΕοηῙῦὶΙΙεν
2262 2392 2276 2426 ‚·

11 2422 74 2484 ἐξ
91 2428 133 2486 :h
163 2408 291 2490 selsslgffhp
310 2448 387 2492 par!
398 2445 585 2487 ofPembroke
598 2445 657 2476 and
668 2449 872 2487 Mountgomery
888 2447 969 2480 Lord
979 2448 1183 2483 Chamberlain
1198 2452 1236 2484 of
1303 2447 1435 2488 Philippe
1458 2448 1569 2496 Comte
1591 2450 1627 2481 de
1650 2451 1812 2483 Pembroke
1834 2453 1868 2484 δε
1892 2454 2127 2499 Montgomery,
2145 2461 2331 2498 ,chambellan

10 2500 38 2561 ,²21
54 2503 103 2568 {'9‚
165 2487 423 2565 o‘ffffgffiel'r‘i'ili‘li
439 2525 493 2555 anci
513 2524 592 2561 right
605 2523 782 2555 weibeioved
799 2523 970 2556 Counsellor
981 2549 991 2564 ‚
1267 2486 1346 2556 ’1θῖῘῖ
1347 2487 1517 2571 ἶᾷλὲἷζζῖῗ
1521 2511 1559 2562 2&
1576 2527 1634 2557 tras
1652 2528 1805 2559 bien-armes·
1820 2530 1992 2571 confisum,

11 2571 75 2608 dms,
198 2569 243 2595 εἰν
260 2565 374 2595 Thomas
390 2565 505 2603 Jermin
525 2562 655 2602 Knight,
669 2572 723 2593 our
737 2563 1022 2602 Vicechamberlain,
1302 2566 1346 2594 Le
1363 2565 1515 2596 Chevalier
1532 2566 1666 2597 Thomas
1679 2567 1806 2606 Jermin,
1825 2578 1904 2599 notre
1922 2572 1949 2598 V
1950 2571 2195 2615 ace-chambellan,

199 2607 245 2634 Sir
261 2604 377 2634 Thomas
395 2601 537 2632 Ea'monds
557 2601 688 2639 Knight,
707 2601 860 2632 Treasurer
873 2602 910 2632 of
921 2613 974 2633 our
990 2603 1166 2643 Houshold,

197 2646 242 2672 Sir
258 2645 348 2671 Henri
361 2645 437 2672 Vane
454 2640 581 2679 Knight,
600 2639 800 2677 Comptroller
813 2640 850 2670 of
866 2650 920 2670 our
934 2641 1105 2681 Houshold,
1124 2644 1190 2681 and,

197 2684 242 2711 Sir
252 2681 335 2720 John
350 2681 420 2710 Coke
436 2679 570 2718 Knight,
585 2689 643 2710 one
657 2679 693 2709 of
705 2689 758 2709 our
776 2679 917 2717 Principal
931 2680 1099 2712 Secretaries
1114 2683 1152 2713 of
1165 2683 1228 2714 Sta*

161 2727 192 2751 te
199 2741 268 2787 'And
284 2764 315 2786 to
330 2767 384 2786 our
396 2755 485 2794 trusty
501 2756 559 2800 and
569 2756 768 2793 welbeloved,
1178 2798 1184 2803 .

195 2798 238 2825 Sir
259 2794 362 2833 James
376 2793 487 2823 Palmer
501 2794 613 2833 Knight
622 2818 631 2834 ,
645 2805 704 2826 one
720 2794 757 2825 of
766 2794 814 2825 the
829 2793 1007 2826 Gentlemen
1022 2795 1060 2826 of
1068 2806 1121 2828 our
1137 2797 1224 2838 Privy

158 2833 383 2903 Certl‘cljso'our
399 2867 469 2901 trust
505 2868 561 2899 and
578 2868 754 2900 welbeloved
772 2869 908 2908 Servant,
1082 2850 1084 2853 ἡ

194 2910 324 2942 Willt'am
338 2912 440 2945 George
487 2907 593 2946 squire,
608 2906 699 2937 Clerk
717 2905 753 2936 of
764 2916 817 2936 our
833 2907 1026 2946 Wardrobes,
1047 2911 1206 2950 Greeting,

194 2949 299 2980 Know
319 2957 370 2992 ye,
387 2947 469 2978 'Ihat
483 2947 594 2977 wheras
608 2955 672 2976 wee
687 2954 732 2974 are
750 2944 893 2975 informed
910 2947 972 2977 that
988 2957 1045 2978 our
1059 2948 1223 2979 Wardrobe

157 2988 243 3020 Stuff
258 2987 415 3024 remaining
432 2987 460 3016 in
482 2994 535 3015 our
559 2984 660 3015 several
681 2983 809 3022 standing
826 2983 1023 3023 Wardrobes,
1041 2995 1069 3015 at
1083 2986 1175 3017 divers
1189 2987 1227 3017 of

156 3037 211 3057 our
225 3026 385 3064 Honours,
401 3024 511 3055 Castles
525 3023 582 3053 and
598 3021 728 3052 Marmor
743 3021 855 3066 Houses
865 3045 874 3060 ,
891 3023 944 3053 and
958 3024 1102 3064 especially
1118 3027 1220 3056 remai‘

156 3061 602 3141 ῗὲὲἕῃὲἷιῑὲὲὲῃὼέωῼρῗῗᾶἕῖ
609 3071 673 3130 12³?ss
686 3061 1082 3140 ῗεῗῗέἓῖινὲεῖῗᾷῗῖῗᾷἒῦ
1093 3063 1219 3134 iiiiii&

159 3143 222 3173 that
237 3140 400 3173 h'eretofore
415 3139 453 3169 of
467 3150 481 3169 a
493 3139 668 3207 loiaetime,
683 3138 763 3168 there
779 3137 847 3168 hath
867 3139 941 3168 beeri
958 3149 997 3169 no
1011 3139 1101 3170 Surve
1133 3141 1215 3171 taken

155 3181 193 3211 of
210 3182 303 3212 divers
323 3180 359 3210 of
378 3179 430 3209 the
452 3177 505 3208 said
575 3176 721 3214 ardrobes,
741 3187 769 3206 as
784 3176 902 3208 because
919 3179 957 3217 by
976 3187 1060 3217 many
1118 3188 1220 3210 arrants

157 3219 208 3250 the
229 3218 286 3250 said
308 3217 390 3249 Stuff
406 3217 474 3247 bath
498 3217 572 3246 been
593 3214 758 3246 transferred
773 3214 852 3244 from
866 3225 922 3246 one
937 3215 1017 3253 place
1033 3224 1065 3246 to
1080 3218 1218 3256 another,

154 3258 211 3288 and
233 3257 311 3287 from
335 3266 395 3287 one
418 3254 548 3292 Officer,
566 3255 594 3283 in
618 3254 713 3283 whose
735 3253 837 3292 charge
851 3254 873 3284 it
886 3255 1035 3295 originally
1054 3266 1126 3292 was,
1146 3265 1218 3287 unto

155 3296 280 3326 another
313 3294 413 3325 which
431 3293 492 3324 tho'
508 3294 530 3323 it
546 3293 614 3323 hath
625 3293 696 3322 been
712 3292 789 3322 done
805 3292 850 3322 for
861 3303 915 3322 our
928 3294 1046 3323 service
1059 3302 1089 3324 to
1106 3294 1216 3326 furnilh

154 3334 203 3365 the
227 3318 329 3364 seve’ral
354 3332 467 3363 Houses
486 3331 523 3361 of
541 3342 586 3368 us,
605 3340 660 3361 our
676 3330 742 3360 dear
756 3329 885 3361 Coiisort
903 3331 952 3362 the
969 3332 1071 3371 Queen
1090 3333 1145 3363 and
1161 3344 1216 3364 our

151 3371 261 3403 dearest
276 3371 416 3402 Children
434 3371 539 3401 Prince
554 3369 682 3407 charles,
700 3369 750 3399 the
766 3367 853 3398 Duke
869 3368 905 3398 of
916 3371 982 3399 York
995 3371 1049 3400 and
1066 3371 1116 3401 the
1132 3371 1214 3402 Prin-

151 3410 208 3442 cess
232 3413 335 3450 Mary,
354 3417 382 3440 at
402 3418 456 3439 our
479 3409 533 3438 and
556 3408 629 3438 their
644 3407 746 3437 several
762 3406 914 3438 Removes
928 3417 999 3438 iinto
1017 3409 1065 3439 the
1080 3409 1133 3439 said
1149 3410 1213 3440 Pla—

150 3460 217 3488 ces,
236 3449 304 3480 harh
327 3446 583 3485 notwithstanding
606 3455 677 3477 now
702 3445 770 3475 bred
792 3455 827 3475 an
849 3448 1024 3486 uncertainty
1043 3448 1142 3478 where
1162 3449 1212 3480 the

149 3489 202 3520 said
219 3487 307 3519 -Stuff
323 3485 397 3516 doth
419 3486 544 3523 remain,
563 3495 597 3515 or
612 3485 649 3524 by
666 3484 768 3516 whom
782 3485 803 3514 it
819 3485 840 3513 is
855 3492 887 3514 to
902 3484 938 3515 be
953 3485 1095 3516 answered
1113 3497 1146 3517 or
1162 3497 1211 3518 ac-

146 3525 396 3597 coffgdecilvlficgseas
415 3562 472 3593 also
488 3571 573 3603 many
586 3561 622 3592 of
634 3571 688 3592 our
706 3559 832 3591 Officers
848 3560 886 3591 of
896 3562 944 3592 the
958 3561 1014 3606 said
1030 3562 1210 3595 Wardrobes

147 3615 195 3636 are
220 3603 370 3640 deceased,
388 3610 420 3632 to
443 3600 542 3631 whose
558 3599 692 3645 Custody
706 3600 762 3629 and
777 3599 891 3638 Chirge
904 3610 958 3630 our
972 3599 1026 3630 said
1044 3601 1209 3633 Wardrobe

147 3643 233 3674 Stuff
246 3641 314 3672 hath
336 3642 409 3671 been
422 3639 552 3678 severally
566 3638 738 3669 committed
754 3638 808 3668 and
824 3639 966 3670 delivered
978 3663 988 3677 ,
1004 3639 1082 3670 some
1098 3641 1134 3677 by
1152 3642 1208 3670 im-

143 3682 266 3712 mediate
279 3680 414 3711 Warrant
427 3679 503 3709 from
520 3687 573 3708 our
584 3677 643 3715 self,
661 3676 739 3707 some
753 3678 790 3715 by
801 3676 936 3708 Warrant
947 3678 1022 3708 from
1035 3688 1088 3708 our
1095 3679 1204 3709 Cham-

145 3720 251 3750 berlain
271 3718 317 3750 for
332 3718 381 3749 the
397 3718 470 3748 time
482 3716 587 3755 being,
605 3715 661 3745 and
677 3717 754 3746 some
770 3716 808 3754 by
826 3714 1066 3747 Commiffioners
1079 3719 1207 3748 authori-

145 3758 192 3789 sed
213 3757 302 3788 under
323 3758 371 3787 the
393 3755 483 3786 Great
509 3754 572 3785 Seal
592 3753 630 3784 of
645 3753 798 3792 England,
816 3762 848 3785 to
864 3755 938 3785 view
954 3755 1003 3786 the
1018 3754 1157 3786 Remains
1172 3757 1209 3787 of

146 3797 228 3827 some
244 3796 281 3825 of
289 3805 341 3826 our
357 3794 411 3826 said
428 3793 622 3830 Wardrobes,
639 3791 709 3823 after
722 3792 773 3822 the
786 3793 868 3822 death
882 3793 920 3823 of
928 3803 943 3823 a
958 3795 1109 3831 precedent
1125 3794 1203 3825 Offi-

146 3844 194 3866 cer
209 3833 246 3864 of
259 3833 311 3864 the
326 3834 398 3864 fame
413 3842 444 3863 to
460 3832 564 3863 deliver
578 3840 609 3861 to
625 3831 669 3861 his
682 3830 865 3868 Succeffors,
884 3831 961 3861 from
976 3832 1076 3863 whose
1091 3832 1203 3864 Execu-

143 3882 203 3903 tors
215 3880 250 3902 or
263 3871 509 3909 Administrators,
527 3879 590 3900 wee
605 3869 678 3900 have
692 3869 820 3900 hitherto
836 3870 968 3901 received
982 3880 1024 3902 no
1037 3872 1181 3909 Accompt
1191 3895 1201 3911 ,

144 3921 178 3943 or
193 3911 243 3941 the
279 3919 333 3949 any
349 3910 506 3949 Discharge
517 3909 594 3939 from
608 3918 648 3952 us.
683 3946 688 3952 Ι

185 3950 234 3980 An
274 3947 436 3978 forasmuch
457 3958 486 3978 as
502 3957 565 3978 wee
583 3946 666 3977 think
681 3955 702 3976 it
716 3956 784 3987 very
799 3945 943 3986 necessary
954 3968 963 3984 ,
982 3946 1074 3977 aswell
1089 3947 1135 3978 for
1147 3958 1201 3979 our

147 3998 218 4019 own
235 3986 381 4026 Security,
399 3996 428 4016 as
445 3986 489 4016 for
504 3986 554 4018 the
563 3985 718 4025 Discharge
728 3984 765 4015 of
778 3985 846 4015 such
860 3984 897 4014 of
906 3995 958 4015 our
973 3985 1027 4015 said
1036 3985 1163 4017 Officers
1174 3998 1202 4019 as

149 4036 197 4058 are
212 4024 363 4062 deceased,
382 4025 454 4055 their
473 4024 593 4062 Wives,
613 4025 686 4055 their
703 4023 757 4054 and
773 4033 857 4063 every
873 4022 909 4052 of
922 4023 994 4053 their
1005 4023 1107 4062 Heirs,
1126 4025 1202 4056 Exe—

146 4074 240 4097 cutors
255 4063 310 4094 and
323 4061 571 4101 Administrators,
585 4064 648 4095 that
661 4073 676 4094 a
687 4063 796 4101 perse&
810 4062 930 4101 Survey‚
950 4061 1200 4141 Dalafflfflssss‘}

1304 2605 1348 2632 Le
1366 2603 1515 2634 Chevali'er
1529 2604 1661 2635 Thomas
1678 2606 1845 2645 Edmonds,
1864 2608 1998 2646 Tressbrier
2012 2612 2044 2640 de
2061 2621 2137 2642 notre
2153 2617 2266 2656 Maifim
2280 2624 2283 2626 ·

1302 2643 1346 2671 Le
1363 2641 1516 2673 Chevalier
1534 2642 1627 2674 Henri
1646 2644 1744 2682 Vane,
1764 2646 1937 2676 Controlleur
1951 2647 1983 2677 de
1997 2658 2076 2679 notre
2093 2653 2223 2693 Mamm,
2243 2641 2288 2691 (ἐι

1302 2682 1346 2709 Le
1362 2679 1513 2712 Chevalier
1525 2680 1596 2719 Jean
1611 2681 1714 2721 Coke,
1729 2694 1766 2713 un
1780 2684 1812 2714 de
1825 2695 1872 2714 nos
1893 2687 2059 2724 Principaux
2071 2692 2233 2723 Secretaires
2247 2697 2269 2724 d
2275 2696 2326 2726 'E-

1264 2724 1330 2754 tat,

1300 2758 1343 2786 Et
1359 2756 1377 2786 ἂ
1392 2765 1470 2787 notre
1482 2757 1561 2796 fidele
1575 2756 1613 2792 ῤ’
1627 2759 1788 2798 ὂίενιναίνηέ,

1302 2798 1345 2825 Le
1364 2795 1514 2826 Chevalier
1535 2796 1639 2835 Jaques
1655 2798 1785 2836 Palmer,
1810 2810 1849 2829 un
1874 2799 1920 2830 des
1944 2802 2168 2834 Gentilshommes
2190 2807 2224 2836 de
2247 2818 2327 2840 notre

1265 2832 1398 2863 Chambre
1412 2837 1516 2872 prive'e.

1299 2874 1344 2901 Et
1358 2872 1376 2900 ἂ
1391 2882 1469 2902 notre
1480 2872 1562 2911 fidele
1576 2872 1613 2907 (ῥ’
1629 2873 1777 2902 bien-aime!
1792 2876 1952 2913 Serviteur,

1300 2910 1466 2940 Guillaurne
1485 2910 1611 2949 George,
1629 2913 1744 2948 Ecut‘er,
1763 2911 1838 2940 clerc
1852 2912 1884 2941 de
1897 2923 1944 2943 nos
1958 2916 2126 2947 Garderober
2135 2942 2144 2957 ,
2157 2920 2249 2953 Salat,

1296 2947 1400 2977 Sachez
1415 2959 1466 2988 que
1477 2948 1499 2976 d
1504 2949 1614 2978 'aurant
1647 2961 1678 2978 ue
1692 2959 1757 2979 nous
1766 2948 1880 2988 sommes
1892 2951 2020 2990 informe}
2035 2967 2087 2994 que
2104 2957 2143 2986 les
2157 2962 2269 2991 Hardes
2283 2964 2318 2992 de

1260 2986 1417 3016 Garderobe
1436 2990 1483 3026 qui
1504 2986 1602 3025 restent
1618 2961 1688 3016 Jam-
1702 2998 1749 3017 nos
1762 2988 1882 3027 diverfi‘s
1897 2991 2064 3022 Garderobes
2070 2995 2146 3035 fixes
2158 2997 2176 3026 ἂ
2188 2999 2319 3039 plusieurs

1258 3024 1291 3053 de
1307 3036 1356 3054 nos
1370 3027 1550 3061 Seigneuries,
1565 3025 1714 3055 chateaux
1730 3025 1768 3060 ᾤ’
1784 3029 1908 3065 ⁴Maifitm·
1922 3029 1954 3057 de
1968 3041 2127 3071 campa-gne,
2144 3035 2320 3077 &ofingulie-

1258 3070 1363 3092 rement
1378 3063 1452 3093 celles
1469 3066 1515 3105 qui
1529 3062 1596 3102 ant
1614 3065 1683 3094 dans
1696 3064 1721 3094 le
1740 3068 1850 3094 Bureau
1865 3066 1896 3095 de
1910 3078 1958 3096 nos
1974 3070 2141 3101 Garderobex
2157 3085 2317 3108 mouvantes

1256 3100 1288 3129 de
1306 3105 1364 3131 Lits
1388 3106 1434 3142 qui
1451 3105 1662 3140 appartiennent
1682 3104 1700 3132 a*
1727 3111 1803 3133 notre
1822 3103 2056 3174 persbnne,dfhnt
2078 3109 2140 3146 fort
2161 3113 2304 3145 dirnivzue‘es

1256 3145 1322 3168 tant
1338 3148 1419 3177 parce
1443 3146 1489 3181 qui
1506 3140 1649 3171 ci-devant
1669 3152 1703 3170 on
1721 3142 1767 3170 n'a
1780 3151 1831 3180 pas
1845 3144 1962 3179 regara'e‘
1988 3157 2001 3174 e
2013 3146 2142 3185 longtems
2156 3151 2174 3179 a*
2185 3140 2321 3190 plusieurs²

1260 3178 1374 3215 desdites
1395 3178 1579 3217 Garderobes,
1598 3190 1647 3219 que
1665 3188 1744 3218 parce
1764 3192 1830 3220 que,
1844 3189 1898 3218 par
1915 3182 2043 3219 plusieurs
2063 3187 2185 3228 Orth-es,
2207 3191 2317 3230 lesdjtes

1258 3218 1368 3246 Hardes
1390 3225 1438 3247 ont
1461 3220 1506 3247 este‘
1520 3218 1685 3257 tramflfre‘es·
1708 3219 1730 3247 d
1735 3219 1778 3247 'un
1800 3219 1905 3249 endroit
1926 3219 1996 3251 da'ns
2017 3235 2054 3252 un
2076 3233 2171 3265 autre,
2192 3228 2229 3262 ώ-
2244 3231 2267 3259 d
2272 3232 2316 3261 'un

1257 3254 1384 3293 Officier,
1402 3267 1436 3285 en
1457 3255 1486 3285 la
1506 3256 1591 3291 garde
1611 3257 1711 3295 diequel
1728 3256 1792 3286 elles
1814 3261 1913 3287 e‘toient
1929 3263 2165 3302 originairement,
2181 3266 2199 3295 ἃ
2214 3279 2251 3297 un
2264 3280 2315 3298 au-

1255 3299 1312 3331 tre,-
1333 3304 1359 3323 ce
1372 3298 1426 3332 qui,
1439 3298 1550 3333 quoique
1556 3293 1620 3332 fait
1629 3304 1697 3332 poter
1709 3302 1784 3324 notre
1792 3295 1898 3334 fi’rvi're
1906 3319 1915 3333 ,
1923 3297 1980 3337 afin
1993 3300 2026 3329 de
2030 3299 2146 3339 fournir
2159 3315 2206 3333 nos
2218 3306 2314 3336 diver-

1246 3329 1292 3369 JEJ
1314 3332 1453 3370 llbisbm,
1472 3332 1547 3362 celles
1570 3334 1603 3362 de
1627 3340 1705 3362 notre
1723 3333 1798 3363 chere
1818 3335 1921 3374 Epmfi‘
1939 3336 1969 3365 la
1991 3341 2072 3368 Reine
2088 3338 2126 3373 ὠ·
2143 3341 2174 3370 de
2187 3355 2234 3373 na,-
2252 3346 2311 3375 trs),-

1252 3369 1328 3399 chers
1347 3370 1447 3410 enfans
1465 3371 1490 3401 le
1509 3374 1604 3400 Prince
1624 3370 1743 3402 Cbarles
1760 3395 1770 3410 ,
1795 3372 1818 3401 le
1839 3376 1901 3403 Duc
1925 3375 2041 3406 d'York
2065 3376 2102 3411 ώ-
2126 3378 2155 3408 la
2178 3383 2310 3422 Princeffi’

1251 3407 1361 3446 Marie,
1381 3409 1399 3439 ἃ
1423 3421 1470 3439 nos
1491 3409 1529 3444 ὠ
1547 3410 1564 3438 d
1587 3409 1656 3439 leurs
1675 3410 1828 3448 diffe‘rentes
1842 3411 2018 3450 translationi·
2034 3426 2092 3445 aux
2103 3416 2160 3446 dits
2172 3421 2308 3459 endroits‚

1249 3458 1268 3475 a
1292 3448 1438 3484 cependant
1454 3448 1565 3486 produit
1581 3448 1598 3476 ἃ
1616 3448 1725 3487 pre‘sbnt
1738 3460 1788 3478 une
1803 3451 1962 3480 interlitude
1971 3461 2039 3491 pour
2045 3452 2144 3491 μηνοῖν
2159 3468 2186 3485 ce
2202 3469 2251 3497 que
2267 3471 2307 3490 ces

1248 3485 1347 3515 hardes
1354 3485 1423 3524 fimt
1439 3487 1588 3525 devenues,
1601 3497 1633 3517 ou
1647 3491 1695 3526 qui
1701 3488 1770 3526 fimt
1785 3498 1850 3517 ceux
1862 3493 1909 3528 qui
1922 3489 2038 3520 doivent
2051 3502 2083 3521 en
2096 3494 2230 3531 re'pondre,

1283 3564 1325 3592 Et
1344 3563 1481 3592 d'autant
1496 3562 1563 3601 auffi'
1582 3574 1632 3603 que
1645 3562 1774 3603 plufieurs
1795 3565 1827 3593 de
1848 3575 1895 3594 nos
1909 3565 2030 3603 Officiers
2042 3568 2211 3606 desfiasfi'ites
2227 3577 2304 3603 Gara

1246 3600 1352 3631 derobes
1361 3600 1428 3640 shut
1441 3602 1551 3638 decedes,
1570 3602 1587 3630 ἃ
1597 3602 1625 3631 la
1634 3603 1720 3638 garde
1730 3602 1849 3642 desquels
1863 3614 1910 3633 nos
1921 3605 1989 3634 dites
2000 3607 2108 3636 Hardea·
2123 3603 2156 3638 He
2163 3612 2300 3642 Gardero-

1246 3639 1277 3668 be
1291 3647 1338 3670 ont
1354 3641 1400 3668 έῑέ
1406 3651 1438 3669 en
1449 3640 1611 3678 particulier
1625 3640 1753 3680 commifi‘s
1766 3640 1952 3680 &delle-retu,
1969 3644 2172 3684 quelques-unes
2182 3658 2234 3684 par
2246 3662 2295 3680 no-

1244 3684 1288 3707 tre
1310 3678 1400 3707 Ordre
1420 3679 1575 3715 inme‘diat,
1593 3678 1718 3709 d‘autres
1734 3688 1789 3719 par
1807 3680 1895 3708 Ordre
1910 3682 1944 3710 de
1957 3690 2034 3711 nolre
2051 3682 2242 3725 chambellan,
2258 3688 2297 3724 &⁴

1244 3717 1266 3745 d
1270 3717 1372 3746 'autres
1389 3724 1442 3754 par
1456 3717 1501 3745 des
1516 3717 1706 3755 Commiffizires
1720 3717 1848 3755 autorift‘s
1860 3716 1925 3756 sbus
1940 3719 1964 3749 le
1984 3723 2180 3753 Grand-Sceau
2196 3725 2297 3757 d'An-

1242 3755 1361 3794 gleterre
1370 3778 1378 3792 ‚
1391 3764 1457 3794 pour
1473 3753 1546 3793 faire
1567 3755 1594 3784 la
1611 3766 1640 3785 re
1646 3766 1696 3784 vite
1713 3757 1744 3785 de
1759 3767 1785 3784 ct·
1799 3767 1844 3795 qm
1858 3756 1949 3795 refluit
1963 3758 2033 3788 dans
2046 3760 2248 3801 quelques-umes
2261 3766 2295 3795 de

1242 3804 1289 3822 πω·
1311 3794 1379 3822 dites
1402 3794 1582 3830 Garderobes,
1603 3794 1681 3833 aprili·
1701 3793 1730 3823 la
1752 3804 1821 3823 mort
1843 3794 1864 3823 d
1868 3795 1911 3824 'un
1926 3798 2066 3834 pre‘icldent
2087 3800 2193 3837 Offi'cier
2207 3804 2240 3832 de
2254 3813 2297 3834 ce!

1240 3831 1416 3867 Garderobes,
1434 3841 1500 3871 pour
1515 3831 1551 3861 les
1569 3839 1695 3861 remettre
1711 3833 1728 3860 ᾰ
1738 3833 1782 3871 fiu-
1801 3833 1973 3872 Succcffiours,
1988 3835 2107 3876 desquels
2124 3841 2295 3873 Exe‘cuteun

1239 3881 1272 3899 ou
1294 3871 1544 3909 Administrateurs
1564 3881 1631 3900 nour
1645 3871 1760 3900 n'avous
1772 3871 1927 3909 jamnes-ici
1946 3883 2008 3913 refu
2025 3886 2112 3904 aucun
2129 3886 2244 3918 compte,
2259 3885 2291 3911 m*

1238 3919 1291 3938 eux
1307 3919 1408 3938 aucune
1420 3909 1562 3945 Dcscharge
1574 3909 1606 3937 de
1618 3917 1696 3938 notre
1709 3917 1784 3948 part

1279 3949 1323 3978 Et
1339 3947 1477 3976 d’autant
1497 3958 1545 3988 que
1572 3958 1637 3976 nous
1659 3958 1766 3987 crayom·
1793 3948 1861 3988 qrt'il
1887 3947 1922 3987 cst
1952 3948 2009 3978 1785
2029 3951 2169 3989 russeffme
2183 3978 2193 3992 ,
2224 3963 2293 3987 tant

1237 3995 1308 4026 pour
1332 3993 1410 4015 notre
1429 3994 1523 4024 propre
1538 3985 1646 4024 sured,
1661 3997 1711 4025 que
1731 3996 1796 4025 pour
1818 3986 1845 4014 la
1863 3986 1990 4024 dei-harge
2000 3988 2031 4017 de
2048 4001 2113 4019 ceux
2128 3993 2160 4022 de
2172 4004 2220 4023 nos
2232 3996 2289 4024 dits

1240 4025 1361 4064 Officiers
1381 4025 1505 4064 quisunt
1522 4024 1640 4062 deidei,
1661 4026 1694 4053 de
1713 4024 1783 4054 leurs
1805 4024 1929 4062 fiwfmes,
1947 4028 1978 4055 de
2003 4025 2074 4057 leurs
2089 4029 2126 4064 (νβ’
2143 4031 2176 4060 de
2187 4028 2290 4062 chat-‘un

1238 4065 1270 4093 de
1290 4063 1361 4097 leurs
1381 4064 1516 4093 Heritiers
1526 4085 1535 4100 ,
1551 4064 1718 4094 Executeurs
1739 4061 1778 4099 ἂν
1794 4063 2065 4106 Administrateurs,
2083 4069 2178 4107 qa'une
2190 4069 2289 4107 inspec-

2226 4110 2301 4147 tiata,¹
