2536 4255
0 287 69 321 Ann.
84 283 127 315 D.

14 325 99 364 1631·

0 367 45 394 An.
69 372 96 398 7.

0 406 56 431 Car.
75 410 98 428 r.

0 445 55 470 Par-5

0 479 76 507 sexta-

0 517 88 546 deCima
98 533 105 545 5

0 559 43 583 No.
63 560 89 579 t.
118 584 122 586 ¹

0 595 55 621 Pars
82 590 125 618 de·

0 631 73 658 :ima-

0 668 87 696 octava
99 686 107 697 »

0 709 41 735 No.
56 704 102 731 26.

0 755 53 780 Pars
62 751 106 777 de-

0 792 72 817 tima-

0 828 85 856 'aava
92 846 101 858 ,

0 870 44 894 No.
61 874 73 901 3
82 873 104 892 1.

0 976 55 1002 Pars
63 972 105 1009 se·

0 1010 73 1040 mnda
81 1031 89 1042 ‚

0 1053 42 1079 No.
63 1058 109 1080 20,

0 1212 55 1238 Pars
71 1207 117 1236 des

0 1249 58 1276 rima
63 1262 73 1267 -

0 1287 86 1313 »ἄρνα
94 1305 102 1317 ,

0 1327 42 1352 No.
58 1333 91 1350 20
97 1343 104 1351 .

0 1492 62 1525 Ann
85 1492 126 1524 D.

14 1532 100 1571 1631.

0 1573 45 1598 An.
64 1580 88 1603 7.

0 1618 58 1636 aar.
82 1616 105 1637 [ι

0 1653 21 1685 p.
42 1655 84 1673 io.

0 1694 20 1712 ι.
44 1684 87 1722 38.

0 3025 19 3046 ⁸
29 3025 112 3055 xix.

0 3074 65 3102 349·

704 197 806 238 ET
888 194 1156 238 ACTA

486 283 540 312 Pro
556 281 738 321 christophero
752 285 868 313 Vernon.

177 319 248 351 The
269 317 364 359 King,
384 321 434 351 the
454 318 589 351 fixteenth
614 321 657 350 Da

132 359 202 398 pher
219 362 324 403 Verum
336 358 390 402 and
404 359 517 397 others,
536 358 584 389 the
599 330 698 390 Offiyce
715 359 752 388 ot'
764 358 969 397 Receiversliip
983 360 1020 390 of
1031 361 1080 391 the
1094 361 1207 392 Grcen-

137 407 201 430 wax
214 397 317 436 during
334 397 408 428 Life.
793 414 797 418 ·

1115 438 1204 469 P.S.

514 511 570 540 Pro
586 511 696 547 Georgio
713 513 828 541 Vernon.

184 550 270 589 Rex,
287 548 393 581 oeravo
415 546 460 578 die
481 551 570 586 Maii,
597 549 741 579 constituit
762 552 903 587 Georgium
923 553 1027 582 Vernon
1053 551 1182 584 Militem
1196 576 1205 591 ,

146 586 202 620 effe
219 598 308 620 unum
319 587 540 627 justitiariorum
551 588 588 617 de
603 587 698 618 Banco
708 610 718 625 ,
731 588 767 619 ad
782 588 926 626 placitum.
997 630 1021 658 Ρ
1063 631 1086 658 R

1022 639 1050 657 er
1088 640 1167 667 egem.

496 703 550 731 Pro
566 707 601 730 W
603 701 711 732 illielmo
725 702 857 734 Uvedale.

181 740 263 778 Rex,
280 738 418 771 vicesimo
439 742 524 771 tertio
549 740 595 771 die
616 740 739 788 Aprilis,
756 740 894 772 concessit
918 740 1061 771 Willielmo
1083 743 1206 772 Uvedale

142 778 233 809 Militi
249 778 392 809 Officium
409 775 616 809 Constabularii
633 778 727 808 Lastri
751 779 787 809 de
802 778 979 819 Wortchester
994 781 1026 811 ὃς
1046 781 1204 811 Locumtc-

141 818 233 848 nentis
253 815 370 848 Foreste
393 815 429 848 de
451 816 596 848 Southbere
616 816 645 846 in
668 816 816 848 Comitatu
831 817 1046 856 Southampton,
1066 820 1100 849 ad
1118 820 1204 889 placi—

143 863 215 886 tum.
1150 882 1155 888 .
1176 859 1206 890 S.

502 932 557 961 Pro
569 930 699 968 Johanne
714 931 852 971 Wrfield.

176 969 262 1010 Rex,
278 971 373 1009 primo
386 969 433 1000 die
448 971 569 1012 Martii,
587 970 726 1001 concessit
739 970 870 1009 Johanni
884 971 1015 1010 Woifield
1022 995 1032 1010 ,
1059 972 1204 1003 Officium

141 1010 224 1041 unius
245 1012 367 1041 duorum
389 1007 563 1039 Auditorum
581 1007 618 1038 de
641 1009 687 1040 lez
705 1008 795 1041 Prests
811 1010 843 1041 &
861 1008 1081 1048 Compotorum
1097 1011 1200 1042 Forin-

143 1049 294 1087 secorum,
310 1047 345 1079 ad
358 1047 456 1079 vitam.
1122 1087 1147 1118 P
1175 1087 1195 1118 S

530 1163 584 1191 Pro
600 1160 707 1200 Jacobo
722 1160 835 1201 Weston.

178 1201 261 1240 Rex,
280 1201 357 1232 sexto
369 1199 488 1231 decimo
501 1199 547 1230 die
561 1204 638 1230 Maii
645 1223 660 1244 ,ι
681 1200 828 1232 constituit
841 1198 976 1239 Jacobum
992 1200 1097 1239 Wston
1113 1209 1205 1232 unum

141 1239 285 1272 Baronum
297 1240 333 1271 de
351 1239 521 1277 Scaccario,
539 1238 573 1269 ad
588 1239 733 1278 placitum.

994 1278 1047 1305 Per
1061 1280 1168 1314 Regem.

238 1403 468 1449 Prefi’ntationes
485 1401 522 1434 de
537 1404 627 1436 Anno
643 1402 737 1447 Regni
756 1402 843 1446 Regis
861 1401 962 1432 Caroli
971 1401 1107 1447 septimo.

146 1487 226 1542 RE
237 1487 286 1524 X,
303 1488 368 1518 ὅτε.
394 1485 568 1517 Reverendo
582 1486 610 1516 in
625 1483 744 1515 Christo
757 1484 878 1514 Patriae
895 1484 1046 1524 Domino,
1066 1487 1203 1520 Domino

218 1524 333 1564 Josepho
345 1523 527 1562 permissione
543 1524 637 1556 divina
652 1525 761 1553 Exonie
777 1523 937 1561 Episcopo,
953 1524 1046 1562 ejusve
1064 1526 1092 1555 in
1107 1527 1204 1558 abien-

141 1566 179 1594 tia
199 1562 316 1594 Vicario
336 1564 366 1592 in
386 1563 583 1600 Spiritualibus
606 1561 744 1602 generali,
770 1561 825 1591 {ive
846 1561 889 1591 alii
910 1563 1073 1601 cuicunque
1094 1565 1123 1595 in
1147 1566 1201 1597 hac

140 1609 217 1641 parte
229 1601 429 1632 authoritatem
443 1602 558 1632 habenti
569 1601 615 1632 seu
632 1601 780 1638 habituro,
796 1599 929 1630 Salutem.

180 1639 228 1671 Ad
242 1638 388 1671 vicariam
406 1648 571 1679 perpetuam
589 1638 895 1676 Eccleliesparocliialis
907 1639 942 1669 de
961 1639 1062 1668 Maker
1074 1664 1084 1676 ,
1110 1640 1202 1673 vestre

142 1677 274 1709 Diocesis
292 1679 353 1717 jam
374 1678 511 1717 legittime
531 1679 565 1708 &
577 1677 614 1708 de
623 1679 685 1716 jure
697 1684 844 1707 vacantem
859 1677 892 1707 &
906 1677 939 1706 ad
956 1677 1080 1707 nostram
1095 1680 1202 1716 presen-

138 1718 280 1748 tationem
293 1717 403 1748 alterius
418 1715 550 1747 beneficii
566 1716 658 1746 ultimi
673 1716 865 1745 incumbentis
880 1716 936 1746 five
951 1715 1101 1747 sufficienti
1115 1719 1202 1756 quali-

135 1754 275 1786 ficatione
288 1755 334 1786 vel
345 1754 546 1792 dispensatione
559 1755 647 1792 pleno
658 1754 720 1791 jure
729 1753 899 1791 spectantem
915 1765 925 1792 ,·
952 1753 1100 1785 Dilectum
1118 1758 1201 1787 nobis

137 1794 167 1824 in
190 1792 309 1824 Christo
332 1793 491 1831 Jahannem
512 1793 613 1822 Deeble
627 1791 774 1823 Clericum
789 1793 817 1821 in
835 1792 949 1823 Artibus
966 1791 1196 1826 Bacclialaurium

135 1832 282 1870 Verbique
303 1831 362 1862 Dei
383 1831 612 1869 Predicatorem,
637 1830 721 1861 vobis
743 1830 911 1869 presentium
932 1840 1031 1861 tenore
1053 1833 1191 1868 presenta-

137 1879 217 1902 mus:
237 1869 407 1900 Mandantes
427 1870 461 1902 &
477 1870 648 1907 requirentes
663 1877 797 1906 quatenus
810 1868 931 1899 eundern
944 1868 1105 1907 Johannem
1121 1875 1194 1901 Dee-

135 1908 179 1939 hle
197 1909 232 1939 ad
254 1907 398 1939 vicariam
409 1917 573 1947 perpetuam
590 1906 713 1938 Ecclesie
728 1907 889 1944 parochialis
904 1907 940 1936 de
956 1908 1058 1937 Maker
1072 1912 1197 1946 predicta

136 1947 305 1983 admittere,
320 1946 472 1985 Ipsumque
485 1946 633 1977 Vicarium
648 1944 787 1984 ejusdem,
811 1955 844 1976 ac
860 1945 896 1976 de
912 1947 944 1977 ὃς
959 1946 988 1976 iri
1002 1946 1100 1977 eadem
1117 1949 1196 1980 insti-

135 1993 215 2016 tuere
227 1986 368 2015 canonice
384 1985 418 2016 &
431 1984 561 2016 investire
574 1993 642 2015 cum
654 1984 791 2014 omnibus
807 1983 858 2014 suis
867 1985 994 2022 juribus,
1011 1988 1144 2017 membris
1159 1991 1192 2019 &

136 2023 307 2062 pertinentiis
320 2023 465 2061 universis,
484 2022 642 2062 Ceteraque
655 2023 753 2052 omnia
767 2023 801 2053 ὃς
817 2023 918 2062 singula
933 2023 1026 2053 facere
1036 2045 1045 2060 ,
1062 2035 1194 2062 peragere

137 2063 171 2092 &
197 2061 381 2104 perimplere,
401 2071 457 2099 que
475 2060 568 2092 vestro
579 2062 608 2091 in
622 2060 675 2091 hac
690 2069 768 2098 parte
783 2061 957 2093 incumbunt
972 2061 1084 2093 Officio
1103 2064 1199 2103 pasto·

137 2099 186 2130 rali
201 2099 291 2131 velitis
305 2109 373 2132 cum
388 2099 486 2134 favore
502 2101 536 2133 &
551 2098 667 2131 effeetu.

174 2175 210 2207 In
224 2177 303 2216 cujus
318 2178 376 2217 rei,
394 2179 456 2211 &c-

170 2253 262 2287 Teste
277 2254 360 2295 Rege
370 2254 444 2295 apud
457 2253 730 2295 Wllmonasterium‚
749 2254 885 2288 vicefimo
899 2254 1020 2295 septimo
1035 2255 1080 2288 die
1096 2257 1193 2297 Junii.

639 2335 693 2364 Per
709 2336 804 2373 Breve
816 2335 937 2363 Privato
951 2333 982 2363 de
996 2332 1096 2372 Sigill0.

136 2409 290 2451 Confimiles
306 2412 422 2442 Literas
443 2411 572 2441 Parentes
594 2408 698 2439 habent
718 2408 833 2448 Perfiine
846 2408 997 2450 Subscripte
1010 2408 1048 2446 ᾤ’
1065 2410 1097 2440 de
1112 2413 1201 2441 Datis

543 2447 717 2488 Subfiriptir,
732 2454 797 2478 viz.
1008 2450 1010 2452 ’

179 2524 295 2555 Thomas
306 2524 492 2565 Lufhington‚
505 2524 653 2563 Clericus,
671 2524 757 2555 habet
779 2525 882 2555 Literas
899 2524 1026 2555 Patentes
1042 2525 1078 2555 de
1093 2525 1201 2563 presen—

138 2565 246 2595 tatione
264 2563 300 2594 ad
322 2563 499 2594 Prebendam
520 2564 556 2594 de
574 2563 703 2601 Bemilber
719 2563 890 2599 secundam,
914 2564 944 2593 in
959 2563 1081 2594 Ecclesia
1094 2564 1200 2596 Cathe-

139 2602 210 2632 drali
228 2606 325 2632 Sarum
346 2602 509 2639 fundatam,
525 2601 616 2632 modo
639 2611 688 2638 per
708 2601 892 2639 spontaneam
907 2600 1137 2640 Resignationem
1151 2607 1202 2633 Ri-

139 2640 236 2671 chardi
254 2640 414 2680 oxoniensis
434 2639 567 2678 Episcopi
592 2641 654 2677 (qui
673 2639 851 2670 Prebendam
872 2640 1027 2676 predizStam
1053 2641 1082 2669 in
1106 2640 1200 2671 Com-

139 2679 273 2710 mendam
297 2688 336 2708 nu
358 2689 387 2709 er
404 2678 505 2715 tenuit)
530 2687 696 2715 vacantem,
710 2679 743 2709 ὃς
757 2678 790 2707 ad
807 2676 930 2708 nostram
943 2678 1128 2709 donationem
1138 2688 1200 2717 Jure

142 2716 324 2755 Prerogative
370 2718 431 2754 egie
444 2717 614 2756 spec-‘tantem
629 2727 640 2754 .·,
664 2715 703 2747 Et
717 2716 872 2754 diriguntur
888 2716 926 2746 he
944 2716 1038 2747 Litere
1052 2716 1200 2748 Reveren—

140 2755 183 2786 do
198 2757 228 2786 in
241 2754 359 2786 Christo
376 2756 454 2786 Patri
470 2753 624 2794 Johuum,
632 2757 730 2784 Sarum
749 2754 902 2793 Episcopo.

178 2793 268 2825 Teste
280 2794 362 2833 Rege
375 2794 448 2832 apud
462 2791 738 2833 westmonasterium,
752 2794 870 2824 decimo
885 2792 930 2824 die
942 2793 1034 2831 Junii.
1120 2831 1145 2863 P
1173 2833 1193 2864 S

179 2905 347 2945 Augustinus
359 2905 667 2945 Wildboresslericus,
685 2907 716 2938 S.
731 2909 772 2939 T.
789 2907 821 2938 Β.
840 2909 926 2939 habet
945 2908 1049 2939 Literas
1071 2908 1200 2941 Parentes

143 2944 179 2975 de
203 2946 409 2982 presentatione
422 2945 457 2975 ad
474 2944 615 2975 Vicariam
629 2947 666 2976 de
679 2946 848 2986 Lancaster,
872 2947 1002 2977 Diocesis
1015 2947 1127 2986 cestrie,
1138 2949 1198 2986 jatn

146 2984 281 3021 legittime
303 2992 455 3014 vacantem
469 3006 480 3021 ,
502 2984 536 3014 &
561 2983 597 3014 ad
618 2983 744 3014 nostram
763 2985 996 3021 presentationem
1019 2995 1067 3024 per
1091 2987 1196 3024 lapsum

146 3023 296 3058 temporis,
310 3032 359 3059 per
379 3022 548 3059 pravitatem
567 3021 697 3052 Simonie
718 3022 775 3053 sive
794 3023 813 3041 *²
834 3023 931 3060 aliquo
951 3022 1007 3053 alio
1024 3024 1115 3054 modo
1128 3035 1202 3062 quo-

146 3069 260 3096 cunque
271 3059 502 3097 speetantemfflt
518 3059 673 3098 diriguntur
687 3060 724 3091 he
740 3060 834 3092 Litere
849 3059 1025 3091 Reverendo
1038 3063 1066 3092 'in
1082 3061 1203 3094 Christo

152 3098 230 3130 Patri
248 3097 372 3135 Johanm·
385 3097 529 3135 Episcopo
542 3098 649 3137 cestrie.

183 3134 274 3167 Teste
287 3135 371 3175 Rege
383 3136 458 3173 apud
471 3135 737 3176 Westmonasterum,
755 3135 877 3175 septimo
891 3136 938 3167 die
951 3135 1045 3176 Junii.
1123 3177 1147 3208 P
1175 3176 1195 3208 S

183 3251 299 3282 Thomas
321 3249 477 3293 Raymonfi,
495 3249 525 3280 S.
542 3249 583 3280 T.
599 3249 631 3280 P.
649 3250 735 3282 habet
760 3251 868 3283 Literas
891 3250 1021 3283 Parentes
1035 3252 1070 3282 de
1091 3253 1202 3290 presen-

147 3292 255 3320 tatione
277 3289 310 3320 ad
332 3288 498 3319 Rectoriam
513 3289 607 3318 Sancti
617 3289 707 3320 olavi
723 3291 794 3320 infra
809 3290 933 3327 Burgum
954 3291 990 3321 de
1005 3291 1203 3331 Samiorum-ke,

146 3328 278 3359 Diocefis
300 3326 498 3366 Wintonienfis
511 3348 521 3365 ,
542 3336 591 3364 pet
612 3336 736 3359 mortem
757 3328 847 3359 ultimi
868 3328 1062 3361 Incumbentis
1081 3330 1203 3368 ejusdem

145 3375 316 3404 vacantem,
334 3367 367 3397 ὃς
389 3366 422 3394 ad
443 3364 569 3395 nostram
586 3365 819 3402 presentationem
835 3366 918 3405 pleno
929 3369 992 3405 jure
1010 3368 1202 3408 spectantem,

147 3405 183 3436 Et
204 3405 360 3443 diriguntur
380 3403 416 3433 he
437 3402 531 3434 Litere
544 3402 717 3435 Reverendo
731 3405 761 3435 iri
773 3404 890 3436 Christo
905 3405 982 3437 Patri
994 3406 1142 3447 Richardo‚
1162 3408 1202 3438 E-

150 3443 266 3482 piscopo
283 3440 468 3479 Wintom'enfi.

182 3481 270 3512 Teste
283 3480 365 3519 Rege
378 3478 453 3518 apud
467 3478 739 3520 westmonasterium,
757 3481 859 3520 quinto
866 3481 918 3513 'die
932 3482 1022 3520 Junii.
1121 3522 1146 3553 P

183 3595 329 3636 Johannex
343 3592 466 3634 Wston,
483 3593 628 3634 Clericus,
652 3595 736 3626 habet
749 3595 854 3627 Literas
868 3594 999 3628 Parentes
1015 3596 1050 3628 de
1064 3599 1202 3636 presenta-

150 3637 230 3666 tione
253 3635 285 3665 ad
312 3634 482 3664 Portionem
501 3633 537 3663 de
560 3636 623 3664 Pitt
642 3634 672 3664 in
696 3633 822 3664 Ecclesia
841 3636 994 3672 parochiali
1016 3636 1051 3666 dc
1067 3639 1200 3668 Tiverton

152 3673 282 3704 Diocelis
294 3670 485 3711 Exceslrienfis
516 3672 574 3709 jam
590 3679 740 3702 vacantem
750 3694 761 3710 ,
785 3673 818 3703 δε
833 3673 865 3703 ad
881 3673 1003 3704 nostram
1022 3675 1200 3712 presentatio-

149 3722 286 3755 nem'per
306 3712 467 3749 pravitatem
488 3693 619 3753 Simonie
632 3710 686 3741 hac
702 3711 766 3741 vice
783 3710 972 3750 speciantem3
991 3712 1029 3743 Et
1044 3713 1201 3751 diriguntur

148 3750 186 3817 Pe
201 3750 296 3781 Litere
309 3747 480 3780 Reverendo
493 3758 522 3777 in
539 3747 658 3778 Christo
669 3748 755 3779 Patro
768 3748 888 3788 Josepbo
904 3772 914 3788 ,
939 3750 1115 3791 Excestrs'enli
1129 3753 1197 3791 Epi-

161 3797 198 3817 co
239 3811 246 3818 .

184 3797 271 3857 Tpgste
284 3825 365 3865 Rege
378 3824 452 3864 apud
468 3822 738 3863 Westmonasterium,
756 3834 837 3855 nono
848 3825 894 3856 die
909 3829 991 3856 Maii.
1120 3866 1144 3898 P

183 3941 310 3977 Georgius
331 3939 517 3977 Warburton,
535 3939 572 3970 A.
593 3936 640 3968 Μ.
658 3937 744 3968 habet
768 3937 875 3970 Literas
886 3938 1019 4007 fatentes
1039 3940 1074 3971 de
1088 3944 1203 3974 conces-

147 3978 225 4010 sione
245 3978 279 4008 ad
301 3976 479 4009 Decanatum
503 3977 631 4008 Ecclesie
648 3975 822 4006 Cathedralis
836 3975 888 4007 Glo
907 3977 1012 4017 cestrie,
1025 3980 1085 4017 jam
1100 3991 1202 4013 vacan-

148 4025 226 4054 tem,
245 4017 277 4048 &
294 4014 327 4044 ad
342 4015 468 4046 nostram
482 4016 670 4047 donationem
684 4015 770 4052 pleno
781 4015 844 4053 jure
857 4015 1050 4055 spectantem,
1066 4019 1098 4048 &
1118 4019 1204 4050 Man-

151 4055 252 4085 dantur
265 4052 417 4092 Capitulum
430 4051 468 4087 &
479 4057 607 4085 canonici
620 4053 697 4091 quod
711 4052 744 4084 ad
759 4053 920 4090 predictum
935 4054 1132 4094 Decanatum,
1141 4067 1205 4095 pre-

132 4093 239 4132 *iatum
253 4094 392 4130 Georgium
405 4092 568 4124 Warburton
583 4091 747 4130 admittant,
765 4090 927 4131 instituant,
950 4094 983 4125 &
1001 4093 1159 4127 investiant.

692 322 729 351 of
739 321 901 359 December,
919 320 1024 351 Grants
1042 330 1073 352 to
1089 322 1208 361 Christo-

1245 182 1742 261 piratici„

1293 284 1383 315 Teste
1398 286 1481 326 Rege
1494 287 1567 325 apud
1583 288 1862 329 Weslmonasterium,
1882 291 2017 323 vicesimo
2030 302 2110 324 nono
2123 293 2167 324 die
2185 293 2304 332 Aprilis.

2237 333 2272 363 Ρ.
2288 333 2318 363 S.

1287 401 1415 442 Georgius
1431 399 1554 438 Ashton,
1574 401 1704 433 Clericus
1720 426 1729 440 ,
1763 403 1797 433 Λ.
1818 403 1865 434 Μ.
1884 406 1968 437 habet
1994 406 2101 438 Literas
2125 408 2257 440 Patenres
2279 409 2314 440 de

1249 444 1454 482 pretentatione
1473 440 1507 468 ad
1534 439 1700 484 Rectoriam
1726 442 1766 485 de.
1783 444 1957 482 lairdwah,
1983 447 2009 475 in
2032 446 2182 478 Comitatu
2205 447 2314 485 Bucks,

1249 482 1319 505 inira
1340 475 1487 505 Diocciim
1512 478 1743 517 meolmenjem,
1757 491 1816 517 jam
1839 492 1886 518 per
1901 484 2060 513 Simoniam
2077 495 2227 516 vacantem
2244 509 2253 524 ,
2280 488 2314 516 &

2245 222 2320 264 223

2339 295 2416 326 Ann.
2430 296 2468 327 D.

2359 335 2444 373 1631.

2335 376 2388 400 Aa.
2404 384 2429 408 7.

2333 414 2399 438 Car.
2421 421 2444 437 t.

1248 515 1282 544 ad
1305 514 1429 543 nostram
1452 515 1686 551 presentationem
1707 518 1892 553 spectantem·
1928 521 1966 551 Et
1988 522 2142 560 diriguntur
2162 525 2197 554 lie
2219 524 2315 555 Litere

1250 552 1425 583 Reverendo
1440 553 1469 581 in
1484 551 1601 582 Christo
1620 553 1693 584 Patri
1710 556 1867 600 Jolmmii,¹
1886 559 2016 596 ,piscopo
2037 562 2225 602 Lincolnienfi.

1286 590 1376 622 Teste
1390 590 1471 630 Rege
1484 591 1556 628 apud
1572 592 1714 629 Canbury,
1732 602 1829 631 quarto
1842 597 1885 625 die
1901 598 2018 636 Aprilis.

2222 638 2257 671 P.
2281 639 2311 670 S.

1280 709 1409 743 Georgius
1422 704 1607 747 Gillingham,
1626 704 1773 743 Clericus,
1790 706 1825 736 A.
1848 707 1894 737 M.
1914 709 1998 741 habet
2015 712 2119 744 Literas
2134 713 2262 746 Parentes
2274 715 2311 746 de

1245 745 1450 782 presentatione
1464 745 1497 773 ad
1513 744 1681 774 Rectoriam
1697 745 1732 774 de
1746 743 1918 785 Llantegloſs
1936 749 1968 778 ὃς
1987 753 2095 781 Adven
2116 755 2143 782 jn
2161 754 2309 785 Comitatu

1246 783 1394 820 cornubie,
1414 782 1544 814 Diocelis
1567 786 1693 818 Exonie,
1712 793 1760 819 per
1780 792 1904 813 mortem
1927 788 2017 817 ultimi
2039 789 2234 823 incumbentis
2255 794 2310 822 ibi-

1250 821 1316 851 dem
1325 822 1384 859 jam
1400 831 1565 859 vacantem,
1589 823 1622 853 &
1640 821 1674 851 ad
1691 821 1819 850 nostram
1836 822 2067 858 presentationem
2085 831 2192 860 ratione
2208 830 2310 861 Duca-

1248 868 1292 890 tus
1307 859 1395 890 nostri
1413 860 1547 890 Cornubie
1560 859 1646 896 pleno
1658 860 1722 898 jure
1737 859 1927 898 spectantem,
1954 862 1989 893 Et
2004 866 2158 904 diriguntur
2175 869 2211 899 he
2230 869 2309 900 Lite,

1246 908 1275 929 re
1295 897 1468 928 Reverendo
1487 900 1516 928 in
1536 897 1657 928 Christo
1678 898 1751 928 Patri
1767 896 1905 937 Joftpho‚
1924 899 2065 940 Episcopo
2084 908 2202 935 Exom'e,

1281 936 1370 968 Teste
1386 935 1472 975 Rege
1490 936 1565 976 apud
1582 935 1854 977 Wrstmonasterium,
1872 938 1977 969 octavo
1993 940 2037 971 die
2055 943 2207 974 Februarii.

2227 983 2259 1013 P.
2278 983 2308 1014 S.

1284 1051 1417 1081 Ezechiel
1430 1051 1580 1091 Johnson,
1600 1051 1749 1089 Clericus,
1776 1051 1884 1086 A,-M.
1913 1052 2000 1083 habet
2026 1056 2182 1089 consimiles
2202 1060 2308 1091 Literas

1248 1087 1380 1120 Patentes
1397 1091 1433 1120 de
1453 1091 1655 1128 preientatione
1675 1091 1709 1121 acl
1730 1090 1899 1121 Rectoriam
1919 1092 1955 1121 de
1977 1093 2090 1122 Paulers
2106 1098 2180 1126 Perie
2195 1121 2204 1136 ‚
2229 1098 2308 1129 Dio-

1246 1127 1314 1157 cesis
1336 1129 1562 1168 Petriburgenfis,
1576 1130 1635 1167 jani
1654 1139 1703 1166 per
1723 1131 1888 1167 pravitatem
1907 1130 2037 1161 Simonie
2055 1138 2258 1174 vacantem‚&
2271 1138 2305 1168 ad

1247 1165 1372 1195 nostram
1392 1168 1627 1204 presentationem
1647 1177 1699 1204 pro
1717 1168 1772 1198 hac
1791 1169 1855 1198 vice
1871 1177 1981 1199 tantum
1997 1169 2190 1210 spectantem3
2211 1175 2247 1204 Et
2264 1177 2307 1205 di-

1247 1205 1373 1241 riguntur
1393 1207 1428 1235 he
1449 1205 1540 1236 Litere
1559 1206 1734 1236 Reverendo
1755 1207 1785 1236 in
1802 1205 1921 1236 Christo
1941 1206 2014 1238 Patri
2032 1208 2199 1248 Willielmo‚
2218 1215 2311 1243 Petri-

1247 1242 1370 1282 burgenfi
1387 1243 1539 1283 Episcopo.

1283 1281 1371 1312 Telte
1390 1277 1474 1321 Rege
1492 1281 1564 1321 apud
1584 1281 1858 1322 westmonasterium,
1875 1283 2001 1314 secundo
2020 1284 2068 1316 die
2083 1286 2247 1317 Decembris.

1282 1404 1415 1435 Robertus
1439 1404 1630 1445 Wlliamsbn,
1655 1405 1685 1436 S.
1703 1405 1744 1437 T.
1766 1405 1794 1436 Β.
1814 1406 1897 1437 habet
1917 1407 2024 1439 Literas
2044 1407 2178 1442 Patentes
2197 1412 2234 1442 de
2248 1423 2313 1449 pre-

1244 1441 1398 1474 sentatione
1424 1444 1457 1475 ad
1490 1445 1658 1475 Rectoriani
1685 1445 1721 1474 de
1753 1445 1938 1484 Titchmerlh,
1974 1448 2002 1476 in
2029 1447 2181 1480 Comitatu
2210 1452 2311 1482 nostro

1243 1481 1477 1523 Nosthamptonie
1494 1507 1502 1521 ,
1528 1483 1659 1514 Diocelis
1679 1483 1922 1525 Petriburgensish,
1951 1487 2042 1516 modo
2061 1497 2111 1524 per
2127 1489 2312 1525 spontaneam

1245 1518 1478 1562 Reiignationem
1504 1522 1615 1550 Roberti
1643 1521 1840 1560 Williamson,
1868 1523 1958 1553 ultimi
1990 1524 2189 1557 lncumbentis
2206 1529 2313 1559 ibidem

1239 1566 1299 1595 jam
1327 1570 1478 1590 vacantem
1496 1582 1505 1595 ,
1533 1562 1565 1591 ὃς
1589 1559 1624 1589 ad
1652 1561 1777 1590 nostram
1797 1560 2030 1597 presentationem
2054 1566 2173 1596 {ratione
2193 1568 2313 1598 minoris

2330 1054 2379 1080 No.
2402 1061 2458 1089 ¹33*

2335 1409 2382 1434 No.
2405 1414 2463 1443 ¹3²·

1248 1596 1337 1626 Etatis
1353 1597 1470 1627 Gilbcrti
1489 1599 1637 1635 Pirkering)
1659 1599 1850 1636 spectantem3
1866 1599 1901 1630 Et
1913 1601 2070 1638 diriguntur
2085 1603 2122 1632 he
2139 1603 2235 1635 Litere
2252 1605 2316 1636 Re-

1244 1635 1370 1666 verendo
1388 1637 1416 1666 in
1434 1636 1553 1666 Christo
1572 1635 1645 1666 Patri
1666 1636 1830 1674 Willielmo,
1849 1639 2051 1679 Petriburgenst
2067 1640 2221 1680 Episcopo.

1284 1673 1372 1705 Teste
1398 1674 1484 1713 Rege
1509 1674 1582 1712 apud
1602 1674 1862 1714 westmonasterium
1878 1699 1888 1714 ,
1909 1679 2026 1709 decimo
2047 1689 2147 1717 quarto
2165 1682 2211 1713 die
2230 1683 2313 1713 0630-

1245 1711 1309 1742 bris.

2226 1758 2261 1790 P.
2279 1759 2309 1790 S.

1278 1826 1393 1871 Thomas
1413 1829 1586 1867 Lawre7l6e‚
1605 1828 1634 1859 S.
1655 1828 1695 1858 T.
1715 1828 1745 1859 Β.
1765 1830 1849 1861 habet
1868 1831 1976 1862 Literas
1995 1832 2126 1865 Parentes
2146 1834 2182 1865 de
2198 1834 2307 1873 presen-

1239 1873 1344 1896 tatione
1364 1866 1399 1897 ad
1421 1867 1586 1898 Remmiam
1606 1867 1642 1897 de
1659 1868 1830 1897 Hambledeiz
1871 1871 1926 1899 aliis
1946 1871 2100 1906 Hamyldon
2119 1874 2148 1903 in
2170 1874 2305 1906 Comita-

1241 1912 1271 1935 tu
1287 1904 1491 1943 Buckingham,
1511 1905 1640 1936 Diocesis
1658 1906 1822 1936 Lincolnien
1835 1909 1873 1944 is,
1891 1918 1939 1945 per
1960 1909 2083 1947 Lapsum
2103 1914 2239 1950 temporis
2254 1914 2301 1945 seu

1240 1952 1418 1981 quocunque
1434 1944 1488 1974 alio
1507 1944 1584 1983 legali
1603 1943 1694 1974 modo
1712 1954 1863 1976 vacantem
1875 1968 1884 1983 ,
1912 1947 1945 1976 &
1964 1947 1999 1977 ad
2018 1949 2143 1979 nostram
2164 1951 2302 1988 presenta-

1239 1982 1348 2012 tionem
1369 1991 1537 2020 vacantem3
1554 1982 1593 2013 Et
1612 1983 1768 2020 diriguntur
1786 1983 1824 2013 he
1837 1984 1934 2015 Litere
1947 1985 2122 2018 Reverendo
2135 1989 2164 2018 in
2181 1989 2302 2022 Christo

1243 2018 1319 2049 Patri
1336 2019 1484 2059 Johanm',
1505 2020 1646 2050 Lincolnie
1667 2021 1820 2058 Episcopo.
2257 2024 2259 2026 '

1275 2058 1366 2090 Teste
1385 2058 1466 2099 Rege
1484 2060 1557 2098 apud
1575 2062 1714 2097 Hampton
1732 2062 1833 2098 court,
1849 2061 1985 2093 vicesimo
2005 2064 2107 2103 quinto
2123 2064 2169 2096 die
2184 2068 2304 2107 Septem-

1243 2096 1307 2127 bris.

2225 2142 2258 2174 P.
2278 2143 2307 2175 S.

1278 2214 1392 2246 Thomas
1415 2213 1586 2254 Blechynden
1599 2236 1609 2253 ,
1633 2214 1661 2245 S.
1680 2213 1766 2245 T..13.
1792 2214 2012 2252 liabetwLiteras
2030 2216 2160 2249 Patentes
2178 2219 2214 2250 de
2238 2230 2301 2258 pre-

1242 2253 1394 2285 sentatione
1411 2253 1444 2284 ad
1459 2254 1671 2284 Canonicatum
1684 2254 1717 2284 δε
1732 2254 1910 2284 Prebendam
1930 2254 1999 2284 infra
2018 2254 2173 2288 Ecclesiam
2192 2258 2302 2289 Cathe-

1245 2293 1351 2323 dialem
1369 2290 1477 2323 Christi
1498 2293 1742 2331 Cantuariensem‘,
1768 2294 1854 2329 cluam
1869 2291 2020 2322 Richardus
2039 2295 2122 2323 Hu'nt
2132 2317 2142 2333 ,
2157 2297 2185 2326 S.
2204 2296 2244 2326 T.
2263 2297 2298 2328 Ρ,

1241 2341 1330 2369 nuper
1351 2332 1440 2362 tenuit
1458 2331 1491 2361 &
1506 2330 1539 2361 ad
1558 2330 1684 2361 nostram
1703 2333 1935 2368 presentationem
1954 2337 2129 2370 quocunque
2140 2333 2203 2370 jure
2220 2336 2299 2372 spec-

1239 2379 1365 2407 tantem,
1385 2369 1421 2400 Et
1440 2369 1597 2407 diriguntur
1615 2369 1651 2399 he
1671 2369 1765 2400 Litere
1784 2368 2080 2400 Reverendifflmo²in
2101 2370 2221 2403 Christo
2245 2373 2299 2404 Pa-

1238 2410 1273 2440 tri
1290 2408 1425 2438 Domino
1444 2411 1569 2446 Georgia,
1587 2407 1775 2446 Cantaurienfi
1793 2406 2025 2445 ArchiepisCOpo.

1277 2447 1366 2478 Teste
1383 2446 1466 2485 Rege
1484 2446 1558 2484 apud
1576 2445 1719 2486 Canbury,
1737 2454 1839 2484 quarto
1856 2446 1971 2477 decimo
1989 2446 2033 2477 die
2049 2448 2211 2479 Decembris.

1274 2561 1390 2592 Thomas
1411 2563 1515 2591 Turner
1530 2584 1539 2599 ,
1566 2560 1595 2591 S.
1613 2560 1654 2591 T.
1674 2559 1704 2590 B.
1726 2559 1810 2591 habet
1832 2560 1938 2591 Literas
1957 2560 2088 2594 Patentes
2105 2563 2141 2595 de
2161 2566 2301 2602 presenta-

1241 2600 1319 2630 tione
1343 2601 1378 2630 ad
1404 2598 1571 2631 Rectoriam
1594 2599 1687 2629 Sam‘li
1712 2599 1801 2628 Olavi
1825 2601 1894 2629 infra
1922 2600 2047 2638 Burgum
2067 2602 2103 2632 de
2120 2604 2302 2634 Southwarke

1242 2638 1371 2668 Diocesis
1392 2638 1598 2677 Wintont'enfis,
1626 2647 1675 2675 per
1695 2639 1993 2668 mortemmaturalem
2014 2640 2108 2670 ultimi
2124 2641 2303 2673 incumben-

1242 2678 1276 2706 tis
1300 2678 1408 2707 ibidem
1426 2677 1484 2714 jam
1510 2685 1659 2706 vacantem
1675 2698 1684 2713 ,
1710 2678 1741 2706 &
1763 2676 1795 2706 ad
1815 2676 1940 2706 nostram
1959 2678 2195 2714 presentationem
2214 2682 2301 2718 pleno

1239 2716 1302 2753 jure
1318 2715 1505 2752 spectantem
1533 2714 1569 2744 Et
1587 2715 1745 2751 dirigamur
1764 2715 1801 2744 he
1824 2715 1918 2745 Litere
1938 2713 2111 2747 Reverendo
2131 2719 2161 2748 in
2180 2718 2300 2750 Christo

1242 2754 1316 2784 Patri
1334 2753 1484 2790 Richardo,
1504 2752 1684 2792 Wintonienst
1703 2751 1855 2789 Episcopo.

1279 2791 1366 2823 Teste
1386 2790 1470 2831 Rege
1487 2791 1561 2830 apud
1580 2790 1852 2831 laetszvstmonasterium,
1869 2791 1974 2822 octavo
1992 2791 2038 2823 die
2058 2793 2242 2861 Novembrisp
2271 2831 2292 2862 S

1281 2906 1440 2937 Willrelmus
1453 2905 1593 2944 Chancey,
1606 2905 1756 2943 Clericus,
1776 2904 1812 2935 A.
1833 2904 1878 2935 M.
1900 2906 1983 2936 habet
2001 2905 2106 2936 Literas
2122 2905 2250 2938 Parentes
2265 2908 2299 2937 de

1241 2946 1445 2983 presentatione
1462 2945 1497 2974 ad
1518 2945 1683 2974 Rectoriam
1702 2944 1738 2974 de
1757 2943 1904 2983 Nailston,
1924 2946 1952 2973 in
1974 2944 2122 2976 Comitatu
2140 2947 2302 2984 Leicestrie,

1242 2984 1374 3014 Diocelis
1393 2981 1602 3021 Lincolnienfis,
1622 2992 1670 3020 per
1689 2983 1850 3019 pravitatem
1870 2982 1999 3012 Simonie
2011 2983 2072 3020 jam
2092 2993 2258 3021 vacantem,
2270 2987 2302 3016 ἃ

1243 3023 1277 3053 ad
1302 3022 1427 3053 nostram
1454 3021 1688 3058 presentationem
1705 3020 1898 3058 spectantem,
1926 3020 1962 3050 Et
1979 3021 2136 3060 diriguntur
2152 3024 2186 3053 lie
2205 3023 2300 3054 Litere

1244 3061 1418 3091 Reverendo
1436 3061 1464 3089 in
1484 3058 1603 3088 Christo
1623 3058 1693 3087 Patri
1711 3057 1854 3095 Johanni,
1874 3057 2055 3098 Lincolnienfi
2069 3059 2220 3099 Episcopo.

1279 3099 1367 3129 Teste
1394 3098 1476 3137 Rege
1490 3098 1562 3136 apud
1583 3096 1837 3136 Westmonasterium
1855 3119 1864 3134 ,
1894 3098 2028 3128 vicennio
2046 3099 2139 3136 primo
2156 3102 2199 3130 die
2219 3101 2302 3129 oflo-

1245 3137 1309 3167 bris.

2223 3175 2256 3206 P.
2273 3177 2303 3208 S.

1283 3254 1381 3282 Petrus
1396 3249 1515 3289 Heyb’u,
1531 3249 1560 3281 S.
1579 3249 1618 3279 T.
1639 3249 1669 3280 Β.
1687 3250 1772 3280 habet
1792 3249 1897 3281 Literas
1919 3249 2047 3290 Parentes
2067 3250 2102 3281 de
2121 3250 2300 3288 presentatio-

1244 3301 1280 3322 ne
1299 3293 1332 3320 ad
1353 3290 1521 3320 Rectotiam
1540 3289 1576 3319 de
1593 3287 1775 3327 Hemingford
1788 3289 1850 3318 alias
1868 3289 2048 3330 Hemingsord
2064 3289 2158 3318 Abbot
2183 3291 2210 3319 in
2236 3292 2299 3322 Co-

1245 3331 1344 3360 mitatu
1363 3331 1582 3365 Huntingtonie,
1609 3327 1739 3357 Diocciis
1767 3326 1973 3367 Lincoluienfis,
1998 3337 2046 3364 per
2062 3335 2185 3357 mortem
2206 3330 2298 3361 ultimi

1245 3368 1440 3398 incumbentis
1463 3367 1569 3396 ibidem
1595 3374 1743 3396 vacantem
1763 3389 1774 3404 ,
1795 3368 1828 3397 &
1856 3366 1890 3396 ad
1916 3365 2038 3395 nostram
2063 3366 2296 3402 presentationem

1245 3407 1330 3444 pleno
1355 3407 1411 3443 jure
1437 3405 1632 3442 spectantem,
1658 3403 1696 3434 Et
1721 3405 1876 3444 diriguntur
1898 3404 1934 3433 lie
1965 3404 2055 3434 Litere
2075 3403 2248 3437 Reverendo
2266 3410 2297 3438 in

1245 3444 1362 3476 Christo
1380 3444 1455 3474 Patri
1472 3442 1615 3480 Johanni,
1635 3442 1819 3482 Li7rcol71ieizfi
1834 3441 1986 3479 Episcopo.

1281 3482 1370 3514 Teste
1385 3484 1465 3521 Rege
1482 3482 1555 3519 apud
1571 3480 1829 3520 westmonasterium
1843 3503 1852 3517 ,
1880 3480 1996 3511 decimo
2010 3479 2133 3518 septimo
2150 3481 2196 3513 die
2214 3485 2297 3513 oflo-

1242 3521 1306 3552 bris.

2218 3556 2252 3590 P.
2272 3559 2300 3589 S.

1278 3634 1444 3667 W'illielmus
1462 3634 1530 3672 Toa',
1552 3633 1585 3663 Α.
1606 3633 1653 3664 M.
1671 3634 1753 3664 habet
1774 3633 1880 3664 Literas
1897 3632 2026 3663 Patcnres
2044 3631 2080 3662 de
2097 3632 2298 3669 presentatione

1242 3676 1274 3706 ad
1296 3675 1461 3705 Rectoriam
1481 3674 1516 3703 de
1535 3671 1654 3702 chalton
1670 3674 1732 3702 alias
1751 3671 1888 3701 chawton
1901 3694 1910 3709 ,
1937 3671 2067 3701 Diocesis
2085 3674 2297 3712 lb'iutonienfis,

1243 3724 1290 3751 per
1319 3723 1444 3743 mortem
1469 3711 1562 3741 ultimi
1587 3711 1779 3741 lncunibentis
1804 3711 1911 3740 ibidem
1935 3712 1992 3747 jani
2013 3718 2160 3740 vacantem
2177 3732 2186 3747 ,
2212 3713 2244 3743 ὅς
2263 3716 2297 3743 ad

1242 3752 1368 3782 nostram
1387 3750 1620 3789 presentationem
1659 3750 1724 3778 leno
1739 3750 1800 3786 jure
1818 3749 2009 3786 spectantem,
2034 3748 2070 3777 Et
2088 3749 2244 3786 diriguntur
2261 3751 2297 3781 he

1245 3790 1339 3821 Litere
1366 3787 1538 3820 Reverendo
1562 3789 1590 3817 in
1649 3787 1736 3817 hriito
1757 3787 1830 3817 Patri
1849 3788 1964 3817 Ricara'o
1981 3809 1989 3822 ,
2016 3787 2202 3826 lVintonrenfi
2228 3789 2298 3827 Epi..

1252 3839 1288 3859 co
1310 3838 1338 3857 o.

1240 3831 1257 3860 s
1278 3838 1367 3897 'Ip'este
1387 3863 1470 3901 Rege
1484 3863 1557 3901 apud
1573 3862 1826 3902 westmonasterium
1841 3885 1850 3899 ,
1869 3861 2012 3892 tricesimo
2031 3861 2076 3892 die
2095 3863 2255 3895 Decembris.

2219 3903 2250 3933 P.
2273 3904 2302 3935 S.

1281 3981 1408 4016 Georgius
1425 3975 1559 4014 stanhope
1574 3998 1583 4013 ,
1604 3976 1634 4006 S.
1651 3975 1692 4006 T.
1712 3975 1744 4006 P.
1763 3975 1846 4006 habet
1868 3975 1972 4007 Literas
1991 3974 2120 4007 Parentes
2137 3978 2172 4009 de
2193 3981 2303 4017 presen-

1246 4020 1350 4050 tatione
1376 4016 1410 4046 ad
1435 4017 1599 4053 dignitatem
1625 4016 1795 4044 Precentoris
1815 4015 1844 4044 in
1866 4014 1989 4044 Ecclesia
2009 4015 2169 4046 Cathedrali
2194 4020 2302 4047 Ebora-

1249 4055 1318 4093 ceufi
1331 4078 1340 4092 ‚
1365 4064 1412 4093 per
1439 4061 1566 4083 mortem
1593 4052 1686 4082 ultimi
1713 4051 1910 4083 lncumbentis
1934 4055 1992 4092 jam
2020 4064 2168 4085 vacantem
2186 4079 2194 4093 ‚
2219 4061 2250 4087 ὅ(
2269 4056 2303 4086 ad

1250 4093 1376 4126 nostram
1394 4091 1625 4130 presentationem
1643 4093 1749 4122 ratione
1770 4092 1930 4123 vacationis
1954 4092 2219 4131 Archiepiscopatus
2237 4096 2311 4123 Eho-

2262 4143 2308 4162 VJ>

2330 1838 2464 1872 N0.13t.

2326 2228 2375 2252 No.
2399 2231 2461 2259 ¹3¹>-

2325 2575 2373 2599 No.
2397 2582 2457 2607 ¹19-

2324 2919 2371 2943 NJ.
2396 2918 2454 2947 ¹23.

2322 3272 2370 3294 NJ.
2392 3276 2451 3301 ¹²7·

2316 3652 2362 3676 No.
2384 3651 2444 3676 126.

2318 4000 2361 4024 δῖα.
2385 4005 2445 4030 ¹²5-
