2536 4255
211 74 290 126 248

66 156 145 189 Ami.
159 155 201 187 D.
218 159 255 189 lie
279 158 370 188 Litere
397 154 571 186 Reverendo
590 154 619 183 in
639 151 760 184 Christo
776 152 851 183 Patri
870 152 1006 183 Domino
1032 151 1172 192 Francisc‘o
1195 153 1287 182 Here-

90 197 176 232 1627.
213 197 325 238 sardii-n
338 207 347 223 ι
365 194 517 232 Episcopo.
693 231 696 235 ¹
890 230 895 235 .

68 240 122 263 An.
146 245 170 271 3·
257 235 348 302 'llere
373 235 451 271 Rege
477 230 550 270 apud
571 228 851 268 Wstmonasterium,
868 229 1007 261 Vicesimo
1029 229 1136 261 octavo
1161 229 1207 261 die
1228 231 1284 258 De-

68 278 134 302 Car.
158 284 180 302 1.
219 286 274 304 cem
294 284 340 302 ris.

256 347 416 379 Edmrdus
434 345 562 386 Wilfhn,
586 345 733 383 Clericus,
760 345 848 376 Sacre
872 345 1037 384 Theologie
1054 343 1285 381 Bacchalaurius,

222 390 308 420 habet
329 385 490 416 consimiles
512 385 618 416 Literas
641 384 773 415 Parentes
785 385 821 415 de
841 384 1050 415 Presentatione
1064 383 1098 412 ad
1115 383 1284 413 Reetoriam

220 428 257 457 de
278 423 445 464 Stonesfeild
463 423 597 454 Diocesis
616 423 796 463 Oxonienfis,
815 433 863 460 per
889 422 1023 453 Mortem
1050 421 1144 451 ultimi
1162 420 1286 450 incum-

221 465 314 496 bentis
339 463 445 493 ibidem
463 463 518 499 jam
538 470 685 492 vacantem
704 463 737 493 ὃς
750 461 785 492 ad
801 461 926 491 nostram
941 460 1184 491 Presentationem
1200 459 1286 495 pleno

217 504 280 542 jure
300 502 491 541 spchntem3
512 502 544 531 &
568 501 725 538 diriguntur
747 501 783 530 he
808 500 903 531 Litere
925 497 1099 530 Reverendo
1118 499 1147 526 in
1167 495 1286 526 Christo

220 542 298 572 Patri
317 541 451 571 Domino
466 539 596 578 Johanni
609 538 756 578 Oxonienst
769 537 921 577 Episcopo.

257 579 347 612 Teste
363 579 445 618 Rege
458 579 532 617 apud
548 577 804 618 Westmonasterium
813 601 821 615 ,
840 577 958 607 decimo
971 574 1062 606 tercio
1075 574 1122 604 die
1134 572 1268 603 Ollobris.

258 656 405 696 Johannes
424 655 533 692 Parke,
552 653 701 692 Clericus,
720 655 748 684 iu
773 653 890 683 Artibus
917 650 1054 690 Magister
1066 673 1075 688 ,
1090 649 1174 680 habet
1193 648 1285 679 consi-

227 697 307 727 miles
331 696 436 727 Literas
457 694 587 724 Parentes
610 693 645 724 de
662 692 872 724 Presentatione
886 691 920 721 ad
935 690 1105 720 Rectoriam
1122 688 1157 718 de
1172 687 1288 731 lslfistor-

217 735 295 775 seild
313 733 443 764 Diocesis
462 732 659 772 Norwicenfis,
679 741 726 770 per
751 730 883 760 Mortem
903 730 997 759 ultimi
1018 727 1287 769 Incumbenttsibr-

224 774 293 804 dem
325 774 386 812 jam
411 780 561 802 vacantem
585 772 618 802 &
642 771 675 800 ad
700 769 828 800 nostram
852 768 1091 799 Presentationem
1112 764 1200 802 pleno
1222 774 1285 801 jure

223 812 418 850 spectantem,
437 811 470 842 &
493 810 650 848 diriguntur
674 809 711 838 he
727 807 825 837 Litere
840 806 1013 839 Reverendo
1029 806 1059 834 in
1075 802 1194 834 Christo
1209 803 1285 834 Patri

224 850 361 881 Domino
375 847 494 878 Samueli
509 847 682 887 Norwicenst
700 846 850 884 Episcopo.

259 889 351 920 Teste
367 888 452 928 Rege
465 886 538 925 apud
552 885 826 925 Westmouallerium,
845 884 959 915 decimo
975 882 1076 920 quinto
1091 879 1138 910 die
1150 878 1289 910 oaobris.

262 966 404 1006 Jeremias
421 966 516 1003 Gray,
535 963 682 999 Clericus,
701 963 729 992 in
746 960 863 992 Artibus
880 957 1036 996 Magister,
1054 958 1137 988 habet
1154 956 1289 988 consimi-

228 1006 268 1036 les
286 1006 394 1036 Literas
410 1004 540 1034 Parentes
551 1003 587 1032 de
602 1001 808 1031 Presentatione
822 999 856 1029 ad
870 997 1040 1028 Re&oriam
1057 996 1093 1026 de
1109 996 1176 1035 Weft
1194 995 1290 1026 Tilbu-

227 1055 258 1084 ry
278 1043 410 1075 Diocesis
432 1041 557 1071 London’
573 1063 583 1078 ,
605 1050 653 1077 per
678 1038 831 1069 ceffionern
853 1037 945 1066 ultimi
964 1036 1162 1066 Incumbentis
1182 1034 1287 1065 ibidem

222 1084 283 1121 jam
302 1090 451 1113 vacantem
470 1081 503 1110 &
521 1079 554 1108 ad
573 1078 813 1108 Presentationem
832 1075 959 1105 nostram
978 1075 1063 1112 pleno
1081 1075 1144 1113 jure
1162 1073 1291 1112 spectan-

225 1131 309 1159 tem3
329 1122 361 1151 &
385 1120 539 1157 diriguntur
556 1118 591 1147 lie
613 1117 708 1147 Litere
722 1114 897 1146 Reverendo
913 1116 943 1144 in
958 1113 1076 1144 Christo
1094 1112 1168 1143 Patri
1183 1112 1291 1143 Domi—

224 1170 267 1192 no
280 1162 391 1196 Georgia
406 1156 532 1186 London'
545 1156 700 1193 Episcopo.

262 1199 352 1229 Teste
376 1196 458 1234 Rege
481 1194 556 1233 apud
575 1193 828 1234 Westmonasterium
844 1216 854 1231 ,
882 1191 998 1222 decimo
1016 1192 1118 1230 quinto
1142 1189 1189 1220 die
1211 1190 1294 1219 Οέῖο-

219 1237 289 1268 bris.

265 1312 429 1344 lVillielmus
446 1310 587 1349 Hastings‚
606 1309 746 1346 Clericus,
766 1310 793 1339 in
813 1308 931 1339 Artibus
945 1307 1082 1346 Magister
1093 1330 1102 1345 ,
1119 1306 1204 1336 habet
1219 1315 1293 1335 con-

228 1354 332 1384 similes
356 1352 461 1381 Literas
484 1350 612 1379 Patentes
630 1350 667 1379 de
683 1348 891 1379 Preseiitatione
909 1347 943 1377 ad
960 1346 1126 1377 Re&0riam
1144 1344 1179 1374 de
1193 1343 1292 1381 Maus-

227 1400 277 1423 ton
299 1389 430 1420 Diocesis
449 1386 592 1426 Bristoll'‚
607 1388 666 1424 jam
693 1388 832 1426 legittime
853 1387 887 1417 &
907 1385 943 1416 de
961 1385 1025 1423 jure
1039 1390 1188 1426 vacantem
1205 1384 1238 1413 ὅ(
1257 1383 1292 1412 ad

228 1429 357 1461 nostram
376 1427 614 1457 Presentationem
629 1427 686 1456 sive
711 1436 759 1464 per
784 1424 890 1462 lapsum
913 1424 1048 1461 temporis
1065 1425 1121 1451 live
1138 1431 1186 1458 per
1201 1422 1295 1458 pravi-

226 1477 314 1500 tatem
333 1466 461 1496 Simonie
477 1465 532 1494 hac
547 1465 611 1493 vice
628 1464 817 1501 speetantcm
836 1464 868 1492 &
884 1462 1043 1499 diriguntur
1060 1461 1096 1489 he
1115 1460 1211 1501 Litere
1232 1459 1293 1489 Re-

227 1504 355 1538 verendo
371 1506 399 1534 in
417 1503 538 1533 Christo
553 1502 628 1532 Patri
643 1502 776 1532 Domino
791 1501 904 1530 Roberto
920 1499 1042 1538 Brrstoll'
1055 1498 1206 1536 Epiicopo.

265 1542 356 1574 Teste
385 1542 468 1582 Rege
497 1541 571 1578 apud
596 1539 853 1580 Wistmonasterium
867 1561 876 1576 ,
909 1538 1026 1569 decimo
1048 1537 1126 1568 sexto
1147 1538 1192 1568 die
1213 1537 1296 1566 Οέῖο-

226 1583 291 1614 bris.

271 1662 405 1690 Henricus
426 1661 564 1695 Mur-iton,
584 1656 730 1696 Clericus,
748 1657 776 1686 in
796 1655 910 1685 Artibus
930 1654 1084 1693 Magister,
1102 1654 1188 1683 habet
1204 1650 1296 1682 corifi<

229 1700 309 1729 miles
328 1699 436 1729 Literas
446 1697 574 1727 Parentes
589 1697 623 1726 de
637 1695 840 1729 Presentationc¹
856 1694 889 1724 ad
908 1693 1074 1723 Rectoriam
1093 1694 1128 1722 de
1148 1690 1298 1733 Hadsltffcke

229 1738 361 1768 Diocesis
382 1736 507 1766 London’
521 1757 530 1772 ,
551 1745 598 1772 per
625 1733 757 1764 Mortem
778 1733 867 1762 ultimi
891 1732 1087 1762 Incumbentis
1108 1730 1216 1761 ibidem
1237 1737 1296 1766 Jam

229 1785 377 1806 vacantem
403 1777 436 1806 ὅτ
459 1774 492 1804 ad
517 1773 645 1802 nostram
669 1772 909 1802 presentationem
925 1772 1032 1801 ratione
1051 1770 1205 1800 vacationis
1218 1766 1298 1797 Sedis

230 1814 402 1852 Episcopalis
419 1811 537 1848 Eltenfis
556 1812 614 1841 {iac
637 1811 704 1841 vice
719 1810 909 1848 spectantem,
929 1810 961 1839 &c
979 1809 1135 1846 diriguntur
1150 1808 1187 1836 he
1202 1806 1295 1836 Litere

229 1852 405 1884 Reverendo
423 1853 453 1880 in
470 1850 589 1880 Christo
607 1848 681 1878 Patri
697 1849 834 1879 Domino
851 1851 961 1885 Georgia
979 1846 1106 1877 London'
1124 1845 1280 1883 Episcopo.

267 1891 356 1922 Teste
371 1890 453 1928 Rege
466 1888 540 1929 apud
557 1887 836 1927 westmonasterium,
856 1887 965 1918 ocstavo
983 1886 1029 1917 die
1046 1883 1226 1915 Novembris.

269 1972 417 2011 Johannes
439 1968 635 2008 Hungerford,
664 1968 812 2005 Clericus,
833 1968 920 1998 habet
939 1967 1100 1998 consimiles
1122 1966 1230 1997 Literas
1247 1963 1300 1996 Pa-

231 2020 321 2042 rentes·
341 2011 376 2041 de
398 2010 610 2040 Prelentatione
634 2008 668 2038 ad
686 2007 852 2037 Rectoriam
870 2007 905 2037 de
921 2006 1080 2045 Hafielbury
1099 2005 1233 2036 Diocesis
1247 2008 1298 2033 Sa-

230 2062 290 2080 rum
305 2052 359 2087 jam
379 2049 518 2088 legittime
535 2049 567 2079 ὃς
581 2048 616 2076 de
628 2047 689 2083 jure
705 2055 855 2076 vacantem
870 2046 903 2076 δε
918 2046 953 2075 ad
971 2046 1099 2075 nostram
1115 2044 1302 2074 Presentatio-

233 2099 302 2119 nem
325 2097 373 2125 per
390 2087 495 2125 lapsum
512 2086 650 2123 temporis
666 2085 721 2115 hac
738 2086 801 2115 vice
817 2084 1011 2121 spectantem
1030 2085 1061 2114 &
1081 2083 1242 2122 diriguntur
1261 2081 1300 2112 he

237 2128 332 2157 Litere
345 2126 524 2157 Reverendo
540 2126 569 2154 in
587 2123 705 2154 Christo
725 2122 801 2153 Patri
817 2123 957 2153 Domino
971 2122 1103 2162 Johanni
1117 2125 1216 2152 Sarum
1233 2120 1302 2159 Epi-

235 2168 284 2197 sco
306 2176 333 2196 ο.

266 2175 356 2235 feste
371 2202 455 2244 Rege
473 2202 546 2242 apud
562 2199 837 2242 westmonasterium,
853 2201 962 2232 oestavo
981 2200 1027 2231 die
1047 2198 1223 2230 Novembris.

275 2290 408 2321 Robertus
430 2295 534 2329 Payne,
554 2287 701 2324 Clericus,
727 2287 756 2316 in
780 2286 895 2318 Artibus
918 2287 1073 2326 Magister,
1098 2286 1184 2317 habet
1211 2285 1305 2316 consi-

239 2330 318 2360 miles
343 2330 452 2360 Literas
472 2330 603 2360 Patentes
620 2327 655 2356 de
674 2325 882 2356 Presentatione
906 2327 939 2357 ad
963 2327 1110 2364 Capellam
1123 2326 1160 2355 de
1174 2324 1306 2363 Illeman-

231 2368 298 2408 stad
325 2371 481 2404 Latimers,
503 2367 567 2397 alias
585 2364 670 2403 Istam
695 2365 744 2394 ced
761 2367 921 2402 Latis-nem,
945 2366 992 2395 alis
1013 2363 1202 2403 Iselhamsteed
1218 2366 1306 2394 Lati-

239 2418 324 2444 mers,
345 2406 474 2437 Diocesis
494 2403 654 2435 Lincolnien
667 2404 688 2432 is
707 2427 716 2440 ‚
736 2403 795 2440 jam
814 2403 952 2441 legittime
973 2405 1005 2435 ὃς
1025 2404 1060 2434 de
1072 2404 1135 2441 jure
1154 2412 1304 2433 vacantem

92 2446 272 2476 ⁰XV111.&
289 2446 323 2475 ad
344 2445 470 2475 nostram
493 2443 734 2475 Presentationem
757 2442 774 2459 ἒ*
796 2451 844 2478 per
869 2442 972 2480 lapsum
999 2442 1134 2479 temporis
1159 2441 1214 2471 hac
1241 2445 1306 2473 vice

91 2495 159 2523 997.
238 2484 413 2520 spediantem
425 2496 433 2519 ς
446 2485 479 2514 &
504 2484 663 2521 diriguntur
687 2480 724 2508 he
750 2479 845 2510 Litere
862 2479 1036 2512 Reverendo
1051 2482 1081 2510 in
1096 2479 1216 2510 Christo
1232 2480 1306 2513 Patri

242 2522 380 2553 Domino
398 2522 528 2559 Johanm'
548 2517 734 2557 Lincolnienfi
749 2517 902 2557 Episcopo.

241 2599 258 2630 b
279 2560 367 2591 Teste
384 2560 463 2599 Rege
484 2560 557 2598 apud
574 2556 850 2598 Wstmonasterium‚
872 2558 1008 2589 vicesimo
1025 2558 1102 2590 sexto
1118 2557 1165 2589 die
1180 2559 1307 2589 Novem-

260 2610 307 2630 rts.

280 2679 425 2718 Johannes
443 2674 606 2711 Gwilliam,
628 2676 776 2714 Clericus,
795 2677 824 2706 in
843 2676 957 2707 Artibus
976 2677 1123 2716 Magister,
1143 2678 1310 2708 habetcon-

243 2719 343 2750 similes
360 2717 466 2748 Literas
486 2715 615 2745 Parentes
631 2716 666 2744 de
682 2715 893 2746 Presentatione
908 2716 940 2746 ad
957 2717 1097 2747 Vicariam
1113 2716 1147 2746 de
1163 2717 1310 2745 Downha-

243 2757 346 2796 therley
373 2753 504 2786 Diocesis
527 2752 738 2793 Glauceslriensts
758 2764 806 2793 per
822 2753 987 2785 Cellionem
1008 2755 1100 2784 ultimi
1114 2754 1310 2785 Incumbentis

242 2797 351 2827 ibidem
375 2796 431 2830 jam
453 2801 602 2822 vacantem
625 2794 658 2824 δε
680 2793 716 2822 ad
739 2792 863 2823 nostram
886 2793 1126 2823 presentationem
1150 2793 1235 2831 pleno
1246 2795 1308 2830 jure

242 2835 437 2872 spestantemg
458 2832 490 2861 &
512 2831 671 2867 diriguntur
694 2831 734 2860 lie
752 2831 844 2861 Litere
861 2831 1034 2863 Reverendo
1049 2832 1078 2861 in
1096 2830 1215 2862 Christo
1232 2831 1309 2862 Patri

243 2873 381 2904 Domitio
396 2868 529 2908 Godfrido
543 2869 641 2898 Glauce
666 2868 742 2907 riensi
759 2869 914 2907 Episcopo,

246 2950 263 2981 b
281 2910 373 2941 Teste
388 2909 470 2949 Rege
488 2908 561 2946 apud
578 2912 622 2936 We
646 2907 852 2948 monasterium,
869 2909 1008 2940 vicesimo
1027 2908 1104 2940 sexto
1122 2908 1169 2940 die
1185 2911 1310 2939 Novem-

265 2961 312 2981 ris.

281 3029 398 3061 Thomas
416 3026 567 3066 Neessvam,
586 3025 736 3064 Clericus,
750 3027 780 3057 in
803 3026 919 3058 Artibus
942 3027 994 3058 Ma
1019 3027 1101 3065 ister,
1119 3028 1204 3059 habet
1217 3027 1311 3058 confi-

250 3069 332 3101 miles
357 3068 462 3099 Literas
483 3066 613 3095 Patentes
636 3066 672 3095 de
695 3065 903 3096 Presentatione
925 3066 959 3095 ad
1017 3067 1157 3098 eetoriam
1170 3066 1206 3097 de
1221 3070 1310 3097 Stan-

251 3108 343 3145 bridge
351 3117 446 3146 parva
463 3105 594 3135 Diocesis
608 3104 751 3141 London⁷,
771 3113 819 3143 per
833 3104 1068 3142 Relignationem
1084 3106 1176 3135 ultimi
1190 3105 1311 3135 Incum-

248 3148 342 3178 bentis
360 3145 465 3175 ibidem
479 3144 540 3181 jam
563 3151 712 3173 vacantem
726 3142 758 3172 &
771 3142 806 3172 ad
823 3142 949 3172 nostram
969 3143 1209 3174 presentationem
1227 3144 1313 3181 pleno

250 3187 307 3222 jure
327 3184 518 3222 speihntetn,
536 3182 570 3212 ὃς
594 3181 754 3218 diriguntur
775 3181 812 3210 he
835 3181 933 3211 Litere
952 3181 1124 3213 Reverendo
1147 3183 1176 3212 in
1194 3181 1313 3213 Christo

251 3224 329 3254 Patri
350 3222 484 3252 Domino
501 3222 612 3256 Georgia
630 3219 746 3248 London
765 3218 921 3256 Episcopo.

285 3261 375 3292 Teste
388 3260 470 3299 Rege
488 3258 563 3297 apud
577 3257 831 3297 Westmonasterium
841 3279 850 3295 ,
868 3257 1010 3288 tricesimo
1024 3257 1069 3289 die
1081 3259 1257 3289 Novembris.

290 3340 404 3373 Carolus
423 3343 533 3377 Rigges,
553 3338 702 3376 Clericus,
719 3339 748 3380 in
767 3337 884 3368 Artibus
904 3337 1060 3378 Magister,
1078 3339 1165 3370 habet
1180 3338 1315 3369 consimi-

258 3382 297 3412 les
324 3382 432 3410 Literas
455 3379 583 3408 Parentes
601 3378 638 3408 de
662 3377 875 3408 Preientatione
897 3377 930 3406 ad
954 3377 1095 3408 Vicariam
1118 3378 1154 3408 de
1176 3379 1313 3414 Hecking-

254 3421 320 3450 ham
343 3417 473 3448 Diocesis
492 3416 692 3455 Norwicenfis,
705 3416 764 3454 jam
788 3415 927 3454 legittime
945 3416 977 3447 ὃς
993 3415 1027 3445 de
1043 3417 1102 3453 jure
1117 3426 1267 3447 vacantem
1280 3417 1314 3447 &

254 3458 291 3489 ad
312 3457 437 3488 nostram
461 3456 701 3486 presentationem
723 3454 808 3491 pleno
822 3453 886 3490 jure
904 3454 1092 3492 spectantem,
1111 3455 1144 3485 &
1157 3455 1315 3493 diriguntur

256 3498 294 3528 he
310 3497 407 3527 Litere
422 3493 597 3525 Reverendo
611 3494 641 3523 in
656 3492 774 3524 Christo
788 3491 864 3523 Patri
873 3491 1008 3523 Domino
1020 3492 1138 3523 Samueli
1151 3495 1317 3524 Norwicen—

248 3535 276 3575 fi
294 3534 447 3572 Episcopo.

293 3573 384 3604 Teste
403 3572 486 3610 Rege
503 3570 577 3608 apud
596 3568 875 3609 westmonasterium,
893 3570 977 3601 tertio
994 3569 1041 3600 die
1059 3569 1223 3600 Decembris.

295 3652 445 3690 Johanne:
463 3650 581 3690 Huffiy,
600 3650 746 3689 Clericus,
760 3652 790 3681 in
814 3650 931 3681 Artibus
947 3649 1102 3687 Magister,
1123 3649 1208 3681 liabet
1223 3649 1319 3680 confi-

260 3693 340 3721 miles
369 3691 476 3720 Literas
497 3691 628 3721 Patenres
650 3690 686 3720 de
709 3689 916 3721 Presentatione
930 3688 965 3718 ad
980 3688 1150 3719 Restoriam
1163 3689 1199 3719 de
1213 3691 1318 3719 Lavar

256 3739 352 3768 parva
370 3728 497 3758 Diocesis
513 3727 653 3765 London',
669 3729 729 3766 jam
745 3728 881 3767 legittime
896 3728 929 3758 δε
944 3726 981 3757 de
997 3728 1055 3764 jure
1070 3736 1219 3757 vacantem
1234 3728 1267 3759 &
1282 3727 1317 3757 ad

258 3765 387 3796 nostram
404 3766 643 3797 Presentationem
658 3770 714 3797 live
729 3776 777 3805 per
791 3767 959 3804 pravitatem
967 3765 1114 3803 Simonie,
1131 3764 1186 3796 five
1200 3775 1250 3803 per
1260 3765 1319 3803 lap-

260 3804 324 3834 sum
340 3804 493 3840 Temporis
513 3806 565 3834 hac
579 3806 642 3835 vice
655 3804 850 3842 speciantemz,
872 3804 905 3834 ὃ(
920 3803 1080 3841 diriguntur
1092 3804 1128 3833 he
1143 3804 1237 3834 Litere
1254 3803 1318 3835 Re-

259 3842 403 3873 everendo
421 3843 450 3870 in
468 3841 585 3872 Christo
603 3843 677 3873 Patri
693 3843 830 3874 Domino
849 3845 960 3879 Georgia
975 3842 1103 3873 London‘
1119 3841 1273 3882 Episcopo.

296 3878 385 3910 Teste
404 3878 486 3917 Rege
500 3881 572 3916 apud
591 3880 868 3921 westmonasterium,
883 3881 1006 3919 septimo
1023 3881 1070 3912 die
1083 3882 1247 3912 Decembris.

294 3963 447 3998 Morganns
466 3958 620 3997 Wlliams,
643 3959 790 4000 Clericus,
816 3962 848 3993 in
873 3961 991 3994 Artibus
1009 3960 1217 4001 Baccalaurius,
1233 3961 1320 3995 habet

687 63 1501 118 CONVENTIONES,

1558 64 1958 113 LITERAE‚

1323 150 1484 182 consimiles
1501 151 1606 181 Literas
1617 149 1748 182 Patentes
1760 150 1796 181 de
1809 150 2020 182 Presentatione
2028 150 2063 182 ad
2073 151 2243 187 Rectoria'm
2252 157 2288 189 de
2294 157 2390 197 John·
2404 161 2484 193 Ann.
2499 157 2532 193 D

1316 189 1396 228 stone
1414 189 1544 220 Diocefis
1562 190 1751 230 Menevenfis,
1769 200 1818 228 per
1840 190 2075 229 Reiignationem
2100 192 2191 223 ultimi
2212 195 2389 229 Incumben-
2425 201 2497 236 16-‚7
2534 187 2536 193 '

1320 229 1358 258 -tis
1373 229 1480 258 ibidem
1491 228 1551 265 jam
1567 238 1715 260 vacantem
1729 230 1762 260 &
1778 229 1811 260 ad
1827 228 1953 259 nostram
1967 228 2206 261 Presentationem
2223 235 2309 271 pleno
2322 237 2383 274 jure
2410 223 2511 279 A.z.⁶3.‘

1324 266 1518 309 spectantem,
1536 267 1570 297 ὃς
1592 267 1751 304 diriguntur
1769 267 1811 297 he
1830 267 1925 298 Litere
1940 266 2116 298 Reverendo
2131 269 2160 299 in
2177 269 2298 304 Christo
2313 274 2389 306 Patri
2407 285 2459 309 car
2499 286 2508 306 r

1325 303 1461 334 Domino
1475 303 1616 343 Theophilo
1632 305 1792 344 Mene-venfi
1811 305 1968 343 Episcopo.
2464 301 2470 307 ”
2514 299 2524 309 ”

1359 342 1449 373 Teste
1463 342 1545 381 Rege
1562 343 1638 381 apud
1652 343 1912 383 Wstmonasterium
1922 367 1930 382 ,
1946 344 2066 384 septimo
2085 345 2132 376 die
2150 345 2314 380 Decembris.

1360 417 1526 458 Humfridus
1543 418 1695 462 ‚Sidenham
1711 441 1720 456 ‚
1744 419 1872 450 Clericus
1888 443 1897 457 ‚
1926 422 1954 450 in
1981 421 2098 454 Artibus
2125 422 2286 463 Magister,
2304 426 2390 459 habet

1318 458 1489 488 ‘consimiles
1513 457 1622 488 Literas
1648 458 1781 487 Parentes
1806 459 1841 488 de
1865 459 2075 492 Presentatione
2101 462 2135 492 ad
2162 463 2334 494 Rectoriam
2354 466 2390 497 de

1325 495 1482 539 Aifhbritle
1497 495 1627 527 Diocesis
1642 495 1833 536 Bathont'enfis
1846 498 1879 528 ὃ(
1896 497 2049 538 Wellensts,
2060 500 2125 538 -jam
2141 500 2283 539 legittime
2300 503 2334 533 &
2352 503 2390 534 de

1320 544 1384 573 Jure
1403 542 1553 565 vacantem
1572 536 1605 566 &
1622 534 1657 564 ad
1675 534 1804 564 nostram
1822 534 2080 576 Presentationem,
2098 539 2154 570 sive
2170 541 2278 571 ratione
2294 542 2390 572 mino-

1325 573 1362 603 ris
1380 574 1457 604 etatis
1481 572 1625 611 Johannis
1649 571 1794 602 Sidenham
1819 573 1961 611 Armigeri
1980 573 2035 604 live
2053 585 2101 612 per
2121 578 2230 616 lapsum
2249 582 2390 618 temporis

1324 612 1380 642 sive
1400 622 1448 649 per
1465 613 1632 651 pravitatem
1651 611 1797 649 Simonie,
1815 612 1869 642 hac
1891 613 1955 642 vice
1968 611 2159 654 spectantem,
2177 618 2210 647 &
2228 618 2389 650 dirjountur

1325 650 1362 679 he
1386 650 1480 681 Litere
1497 649 1673 680 Reverendo
1689 651 1719 679 in
1739 649 1859 681 Christo
1874 650 1950 681 Patri
1967 650 2101 682 Domino
2117 654 2266 686 Willielmo
2282 643 2391 688 2&aitha-

1323 688 1410 727 nienfi
1425 686 1463 722 (ὧν
1480 688 1605 728 ,Ιψὲίίεηῇ
1617 688 1722 728 Episco
1765 711 1772 718 .
2218 696 2222 701 ‘

1361 726 1452 757 Teste
1471 726 1554 766 Rege
1573 728 1646 765 apud
1668 698 1946 767 Μῆῖἓιακαβενὶκηι,
1963 726 2087 768 septimo
2105 728 2151 760 dic
2170 733 2337 765 Decembris,

1359 801 1507 846 Johannes
1525 803 1661 842 Southen,
1681 804 1826 842 Clericus,
1846 805 1875 834 in
1898 804 2015 835 Artibus
2033 804 2190 844 Magister,
2211 806 2295 840 habet
2317 820 2392 842 con*-

1325 840 1427 871 similes
1451 841 1558 872 Literas
1582 842 1715 872 Parentes
1735 843 1771 872 de
1797 842 2008 874 Presentatione
2032 844 2067 874 ad
2085 845 2226 876 Vicariam
2241 847 2276 878 de
2288 851 2393 887 Kings-

1325 879 1432 924 (ar1gley
1454 880 1584 924 Diocesis
1605 880 1799 919 Lincolnienfis
1815 903 1824 918 ‚
1847 891 1896 918 per
1920 881 2052 912 Mortem
2074 883 2168 913 ultimi
2192 884 2393 918 Incumbentis

1326 919 1432 948 ibidem
1452 928 1513 957 jam
1538 927 1689 949 vacantem
1711 919 1744 949 δε
1767 919 1801 949 ad
1823 919 1951 950 nostram
1970 920 2213 952 Presentationem
2232 923 2319 960 pleno
2329 926 2392 963 jure

1326 957 1520 994 spectantem
1540 959 1573 988 ὃ(
1596 957 1752 995 diriguntur
1773 957 1809 986 he
1834 957 1928 987 Litere
1947 958 2118 991 Reverendo
2135 962 2165 991 in
2182 961 2302 993 Christo
2316 963 2393 995 Patri

1331 996 1467 1026 Domino
1483 995 1612 1034 Johanni
1628 993 1808 1033 Lincolniensz
1817 994 1979 1033 Episcopo.

1327 1073 1343 1103 b
1364 1034 1456 1080 Teste
1478 1034 1560 1074 Rege
1583 1034 1658 1072 apud
1681 1033 1961 1073 Westmonasterium,
1978 1035 2097 1067 decimo
2116 1039 2200 1069 tertio
2219 1038 2264 1070 die
2277 1043 2394 1072 Decem-

1345 1083 1391 1104 ΥΠ.

1367 1150 1530 1181 Millielmus
1547 1149 1670 1187 Clewer,
1691 1149 1838 1188 Clericus,
1857 1150 1885 1180 in
1902 1150 2019 1181 Artibus
2035 1151 2186 1192 Magister,
2200 1153 2285 1186 habet
2300 1156 2395 1187 consi-

1332 1190 1411 1220 miles
1427 1190 1535 1220 Literas
1549 1189 1681 1220 Patentes
1696 1190 1732 1219 de
1746 1188 1958 1220 Presentatione
1973 1190 2007 1220 ad
2024 1189 2190 1222 Reeioriam
2203 1192 2239 1223 de
2253 1193 2396 1224 Alderton

1332 1228 1463 1259 Diocesis
1488 1229 1715 1265 Petriburgenzs‚
1735 1236 1782 1264 per
1804 1227 1934 1258 Mortem
1956 1229 2050 1259 ultimi
2072 1228 2272 1261 Incumbentis
2287 1232 2397 1262 ibidem

1329 1268 1388 1304 jam
1411 1276 1560 1297 vacantem
1584 1267 1618 1296 ἃ,
1642 1267 1676 1296 ad
1693 1265 1819 1297 nostram
1837 1266 2079 1297 Presentationem
2094 1269 2180 1307 pleno
2191 1270 2255 1307 jure
2269 1269 2399 1307 spectan-

1331 1315 1409 1341 rem;
1428 1306 1462 1335 ὃς
1477 1306 1636 1341 diriguntur
1657 1305 1693 1336 he
1712 1305 1809 1335 Litere
1827 1305 1999 1336 Reverendo
2011 1307 2042 1336 in
2058 1305 2179 1338 Christo
2195 1308 2272 1338 Patri
2287 1308 2398 1339 Domi·

1332 1355 1373 1374 no
1388 1343 1486 1372 Thome
1504 1342 1706 1382 Petriburgenst
1724 1342 1875 1382 Episcopo.

1369 1382 1459 1450 ‘lieste
1477 1381 1559 1421 Rege
1578 1382 1652 1420 apud
1671 1381 1926 1421 Westmonallerium
1939 1404 1950 1420 ,
1978 1383 2120 1414 tricesimo
2147 1385 2247 1422 primo
2272 1385 2319 1416 die
2337 1389 2397 1417 De-

1331 1432 1384 1450 cem
1404 1431 1449 1450 775.

1370 1501 1497 1535 Georgius
1515 1497 1659 1535 Cowlton,
1677 1496 1827 1535 Clericus,
1845 1498 1875 1527 in
1894 1497 2014 1529 Artibus
2032 1498 2187 1538 Magister,
2205 1501 2290 1532 habet
2303 1501 2399 1532 consi-

1337 1538 1421 1567 miles
1437 1538 1544 1567 Literas
1560 1537 1688 1567 Patentes
1701 1536 1737 1567 de
1754 1536 1964 1566 Presentatione
1979 1538 2012 1567 ad
2031 1537 2200 1568 Rectoriam
2217 1539 2400 1579 deHelmeley

1336 1576 1466 1606 Diocelis
1481 1575 1673 1615 Norwicenfis‚
1691 1584 1741 1612 per
1758 1574 1888 1604 Mortem
1903 1575 1994 1605 ultimi
2009 1573 2203 1606 Incumbentis
2218 1577 2325 1608 ibidem
2340 1580 2401 1617 jam

1336 1624 1489 1645 vacantem
1513 1615 1546 1645 ὅ(
1571 1614 1605 1643 ad
1627 1612 1751 1643 nostram
1776 1612 2015 1643 Presentationem
2031 1613 2118 1650 pleno
2130 1615 2192 1652 jure
2206 1616 2401 1655 speetamemx,

1336 1656 1369 1685 ὃς
1393 1654 1551 1690 diriguntur
1569 1653 1607 1682 he
1626 1652 1721 1681 Litere
1735 1650 1907 1681 Reverendo
1921 1652 1953 1682 in
1966 1651 2088 1682 Christo
2103 1651 2181 1683 Patri
2196 1653 2333 1685 Domino
2347 1659 2401 1685 Sa-

1335 1692 1415 1722 mueli
1432 1690 1605 1731 Norwicenfi
1617 1689 1772 1727 Episcopo.

1337 1769 1353 1799 b
1372 1731 1462 1761 Teste
1481 1729 1563 1768 Rege
1583 1729 1656 1766 apud
1675 1726 1954 1767 bls'estmonasterium,
1973 1728 2110 1760 vicesimo
2129 1738 2211 1760 nono
2228 1730 2274 1762 die
2289 1735 2404 1763 Decem-

1355 1780 1403 1799 775.

1373 1844 1483 1876 Samuel
1503 1847 1631 1875 Fawcett
1643 1867 1651 1882 ,
1670 1842 1819 1880 Clericus,
1837 1844 1866 1874 in
1888 1843 2008 1875 Artibus
2028 1841 2188 1883 Magister,
2205 1843 2293 1876 habet
2311 1847 2405 1878 confi-

1338 1886 1422 1915 miles
1436 1885 1543 1915 Literas
1557 1883 1686 1913 Patentes
1700 1882 1736 1912 de
1752 1881 1960 1913 Presentatione
1976 1882 2011 1913 ad
2024 1882 2194 1915 Rectoriam
2208 1887 2298 1914 Beate
2310 1888 2406 1915 Marie

1338 1927 1504 1962 Stayneings
1519 1921 1650 1952 Diocesis
1664 1920 1789 1950 London’
1801 1930 1850 1958 per
1864 1920 2099 1960 Resignationem
2117 1921 2213 1953 ultimi
2226 1922 2404 1955 incumben-

1338 1963 1375 1992 tis
1391 1964 1410 1982 *
1430 1963 1537 1992 ibidem
1553 1961 1614 1999 jam
1635 1967 1786 1990 vacantem
1807 1961 1841 1991 &
1859 1959 1894 1990 ad
1915 1960 2041 1990 nostram
2059 1961 2300 1992 Presentationem
2319 1963 2406 1999 pleno
2426 1969 2536 1999 *XVII*

1337 2002 1401 2040 jure
1418 2000 1611 2038 specstantem3
1629 1998 1661 2028 ὃς
1684 1997 1844 2036 diriguntur
1862 1998 1901 2027 he
1926 1998 2020 2029 Litere
2042 1998 2219 2032 Reverendo
2239 2001 2270 2031 in
2285 2000 2407 2033 Christo
2425 2007 2492 2044 998,

1341 2039 1419 2071 Patri
1436 2038 1573 2069 Domino
1589 2039 1704 2073 Georgia
1718 2035 1843 2066 London'
1859 2036 2015 2074 Episcopo.

1377 2077 1466 2109 Teste
1479 2077 1561 2116 Rege
1575 2075 1650 2114 apud
1664 2074 1939 2115 westmonasterium,
1957 2076 2078 2116 septimo
2093 2076 2140 2108 die
2152 2076 2305 2116 Januarii.

1378 2154 1510 2186 Robertus
1533 2152 1698 2191 Pritchard,
1718 2152 1862 2191 Clericus,
1881 2153 1911 2184 in
1928 2153 2048 2185 Artibus
2066 2153 2214 2195 Magister,
2232 2156 2321 2187 habet
2334 2167 2410 2189 con-

1342 2195 1446 2225 similes
1462 2194 1569 2224 Literas
1584 2191 1714 2223 Parentes
1727 2192 1764 2222 de
1782 2192 1995 2224 Presentatione
2012 2193 2049 2223 ad
2064 2192 2211 2225 Vicariam
2223 2195 2259 2226 de
2274 2197 2411 2227 Nev'erne

1345 2232 1478 2264 Diocesis
1498 2231 1673 2272 Menevenfis
1691 2240 1740 2270 per
1763 2229 1932 2262 Ceffionem
1959 2232 2053 2262 ultimi
2074 2231 2275 2264 Incumbentis
2300 2235 2409 2265 ibidem

1342 2273 1398 2310 jam
1424 2279 1574 2302 vacantem
1595 2270 1630 2301 &
1652 2270 1687 2301 ad
1705 2268 1830 2300 nostram
1853 2269 2095 2301 Presentationem
2113 2271 2198 2310 pleno
2215 2272 2301 2302 'ures
2314 2272 2411 2302 etstan-

1345 2319 1422 2349 tem,
1439 2310 1472 2340 δι’.
1491 2309 1650 2348 diriguntur
1666 2308 1702 2339 he
1720 2308 1816 2338 Litere
1832 2306 2005 2340 Reverendo
2023 2310 2054 2340 in
2071 2308 2192 2341 Christo
2235 2312 2286 2340 atri
2353 2311 2409 2340 mi-

1344 2359 1385 2380 no
1401 2347 1544 2386 Theophila
1558 2346 1724 2386 Menevenfi
1741 2345 1894 2385 Episcopo.

1379 2386 1471 2433 Teste
1492 2386 1575 2425 Rege
1593 2386 1668 2424 apud
1693 2384 1950 2425 westmonasterium
1964 2409 1976 2426 ,
1999 2385 2117 2418 decimo
2141 2386 2265 2424 septimo
2286 2385 2332 2417 die
2348 2386 2413 2425 Ja-

1344 2437 1448 2457 nuarn.

1379 2512 1526 2553 Johannes
1544 2511 1698 2551 Fanwll,
1717 2511 1864 2553 Clericus,
1883 2511 1970 2542 habet
1985 2509 2144 2541 consimiles
2160 2509 2265 2542 Literas
2278 2509 2412 2541 Parentes

1346 2551 1381 2583 de
1396 2553 1609 2583 Presentatione
1622 2552 1656 2582 ad
1673 2551 1843 2581 Restoriam
1858 2550 1894 2581 de
1907 2550 2079 2586 Beckington
2094 2548 2226 2579 Diocesis
2237 2549 2412 2580 Bathonienz-

1338 2590 1378 2630 fis
1392 2592 1425 2622 ὃ(
1444 2590 1543 2620 Wellen
1554 2601 1591 2627 is,
1606 2590 1667 2627 jam
1684 2590 1826 2627 legittime
1841 2590 1874 2619 δε
1889 2589 1923 2618 de
1936 2589 1998 2625 jure
2015 2596 2165 2617 vacantem
2183 2589 2216 2619 &
2231 2587 2267 2618 ad
2283 2587 2412 2619 nostram

1346 2629 1588 2659 Presentationem
1614 2637 1662 2666 per
1682 2628 1851 2666 pravitatem
1872 2626 2003 2656 simonie
2017 2626 2072 2655 hac
2086 2627 2151 2656 vice
2165 2627 2356 2663 speetantem·
2378 2627 2413 2657 &

1346 2667 1507 2703 diriguntur
1522 2668 1558 2697 he
1574 2666 1670 2696 Litere
1689 2665 1861 2707 Reverendo
1873 2665 1901 2694 in
1917 2664 2038 2695 Christo
2047 2664 2124 2695 Patri
2136 2664 2275 2695 Domino
2289 2648 2414 2695 Wil’liel-

1346 2715 1388 2735 mo
1399 2704 1581 2744 Bathoniensi
1594 2704 1627 2734 ὃ(
1642 2703 1765 2743 Wellenfi
1779 2703 1933 2740 Epiicopo.

1389 2743 1480 2774 Teste
1499 2742 1580 2782 Rege
1593 2742 1668 2782 apud
1686 2741 1960 2781 Westmonasterium,
1977 2749 2079 2780 quarto
2094 2739 2141 2771 die
2153 2740 2308 2773 Februarii.

1383 2828 1544 2860 Millielmus
1563 2829 1778 2866 Lickbarrowe,
1797 2827 1946 2866 Clericus,
1964 2828 1992 2858 in
2010 2828 2131 2859 Artibus
2149 2826 2306 2866 Magister,
2326 2828 2416 2861 habet

1346 2868 1509 2899 consimiles
1528 2869 1636 2899 Literas
1656 2867 1790 2898 Patentes
1806 2866 1841 2897 de
1855 2867 2066 2898 Presentatione
2082 2867 2117 2896 ad
2132 2865 2306 2897 Rectoriam
2321 2867 2357 2898 de
2371 2870 2416 2897 E-

1342 2907 1474 2945 gremond
1486 2906 1616 2937 Diocesis
1633 2905 1803 2946 Cestrienfis,
1818 2906 1878 2943 jam
1893 2906 1918 2936 le
1940 2905 2029 2936 ittime
2044 2905 2077 2936 ὅ(
2094 2905 2129 2936 de
2137 2905 2201 2942 jure
2214 2912 2364 2937 vacantem
2380 2908 2415 2938 &

1346 2946 1382 2976 ad
1395 2946 1520 2976 nostram
1536 2945 1779 2976 Presentationem
1795 2954 1844 2981 per
1862 2944 1907 2983 lap
1920 2953 1969 2974 um
1989 2944 2123 2981 temporis
2138 2944 2192 2974 hac
2205 2944 2269 2974 vice
2285 2943 2416 2982 speiran-

1346 2993 1431 3060 tem}
1444 2983 1477 3052 {c
1494 2983 1823 3061 diriguplturPeELiitere
1838 2981 2013 3014 Reverendo
2029 2983 2058 3012 in
2075 2981 2196 3013 Christo
2214 2981 2290 3013 Patri
2304 2982 2415 3014 Domi-

1347 3033 1388 3053 no
1429 3034 1443 3052 0
1464 3034 1534 3052 ann!
1573 3033 1586 3051 θ
1611 3032 1687 3050 rzenl
1752 3030 1809 3050 1CO
1830 3029 1856 3050 Ο.

1386 3060 1474 3093 Teste
1486 3059 1570 3099 Rege
1583 3059 1657 3098 apud
1673 3030 1950 3099 {Wffmonfsterium2
1966 3059 2071 3091 oCtavo
2086 3058 2131 3090 die
2144 3057 2296 3090 Februarii.

1386 3150 1557 3178 Laurencius
1582 3144 1743 3185 Humfreis,
1771 3145 1920 3183 Clericus,
1944 3146 2029 3178 Sacre
2053 3146 2219 3186 Theologie
2244 3145 2416 3177 Bacchalau-

1349 3187 1424 3224 rius,
1443 3187 1528 3217 habet
1554 3185 1716 3216 consimiles
1738 3184 1844 3216 Literas
1869 3185 2000 3216 Patentes
2020 3184 2058 3216 de
2073 3185 2287 3216 Presentatione
2300 3184 2336 3215 ad
2353 3183 2416 3214 Re-

1350 3225 1474 3254 ‹Storiam
1496 3225 1532 3255 de
1551 3223 1684 3262 Panfeild
1706 3222 1837 3254 Diocefis
1856 3224 2000 3263 London'‚
2026 3233 2076 3261 per
2098 3223 2232 3255 Mortem
2253 3223 2346 3254 ultimi
2364 3221 2414 3251 In-

1350 3263 1511 3293 cumbentis
1531 3263 1638 3294 ibidem
1658 3263 1715 3300 jam
1737 3271 1886 3293 vacantem
1897 3286 1908 3301 ,
1926 3263 1960 3293 &
1975 3261 2011 3292 ad
2029 3261 2156 3293 nostram
2171 3261 2414 3294 Presentationem

1351 3302 1460 3332 ratione
1486 3301 1605 3332 minoris
1627 3302 1707 3331 etatis
1726 3300 1843 3331 Patroni
1865 3300 1941 3331 dicte
1960 3300 2086 3331 Ecclesie
2100 3302 2146 3332 vel
2162 3301 2260 3339 aliquo
2274 3301 2329 3330 alio
2361 3306 2414 3327 uo-

1351 3349 1468 3377 cunque
1493 3340 1585 3369 modo
1607 3339 1659 3369 hac
1681 3340 1747 3369 vice
1762 3339 1953 3377 speciantem3
1972 3339 2005 3370 &
2018 3339 2178 3378 diriguntur
2191 3340 2228 3369 he
2243 3339 2336 3369 Litere

1351 3378 1479 3411 verendo
1493 3379 1521 3407 in
1538 3376 1658 3407 Christo
1671 3377 1747 3408 Patri
1762 3378 1897 3407 Domino
1912 3379 2023 3414 Georgia
2035 3378 2162 3408 London'
2179 3376 2330 3416 Episcopo.

1387 3416 1477 3448 Teste
1490 3415 1575 3455 Rege
1589 3416 1664 3454 apud
1678 3414 1936 3456 Wstmonastermm
1945 3438 1956 3454 ,
1973 3416 2152 3447 duodecimo
2167 3415 2212 3447 die
2227 3412 2377 3443 Februarii·

2381 3344 2412 3366 e-

1391 3499 1499 3532 Daniel
1512 3503 1564 3530 Sta
1582 3511 1633 3538 no,
1648 3500 1795 3539 Clericus,
1812 3502 1841 3531 in
1865 3501 1983 3532 Artibus
1996 3500 2153 3542 Magister,
2172 3499 2260 3529 habet
2277 3496 2415 3528 consimi-

1354 3540 1394 3570 les
1420 3541 1527 3570 Literas
1572 3548 1678 3569 arentes
1702 3539 1737 3571 de
1767 3540 1981 3571 Presentatione
2001 3540 2036 3571 ad
2058 3538 2228 3571 Recitoriam
2245 3537 2284 3567 de
2307 3535 2415 3574 cowley

1360 3578 1491 3609 Diocesis
1509 3577 1737 3616 Gloucestrienfis‚
1760 3588 1808 3614 per
1829 3578 1962 3609 Mortem
1978 3579 2070 3610 ultimi
2090 3576 2284 3606 Incumbentis
2306 3574 2416 3604 ibidem

1351 3618 1411 3655 jam
1431 3625 1579 3648 vacantem
1603 3618 1635 3646 &
1656 3619 1691 3646 ad
1713 3615 1840 3647 nostram
1856 3617 2096 3647 Presentationem
2111 3613 2196 3652 pleno
2212 3613 2270 3649 iure
2286 3613 2416 3650 spectan-

1354 3665 1434 3693 tem,
1451 3657 1487 3686 &
1500 3655 1658 3693 diriguntur
1674 3655 1713 3684 he
1730 3655 1825 3685 Litere
1842 3654 2016 3686 Reverendo
2030 3651 2189 3684 inChristo
2197 3651 2272 3682 Patri
2280 3651 2417 3682 Domino

1354 3693 1490 3730 Godfrido
1502 3691 1703 3731 Gloucestrienfi
1713 3692 1866 3730 Episcopo.

1353 3770 1370 3800 b
1390 3731 1480 3778 Teste
1506 3731 1589 3770 Rege
1612 3733 1688 3769 apud
1713 3730 1974 3771 Wstmonasterium
1988 3753 1999 3769 ‚
2032 3729 2150 3760 decimo
2185 3729 2274 3760 tertio
2300 3727 2346 3760 die
2368 3730 2421 3764 Fe-‡

1372 3780 1467 3801 ruarn.

1393 3846 1507 3876 Gabriel
1522 3849 1653 3885 Teyntor‚
1675 3845 1806 3877 Clericus
1848 3846 1879 3874 in
1902 3844 2020 3875 Artibus
2043 3842 2200 3882 Magister,
2217 3844 2305 3876 habet
2326 3844 2421 3876 confi-

1360 3885 1440 3916 miles
1459 3885 1567 3916 Literas
1587 3885 1717 3916 Patentes
1738 3884 1773 3914 de
1798 3868 2008 3914 l3resentati0ne
2029 3881 2064 3911 ad
2079 3880 2251 3913 Rectoriam
2265 3884 2301 3913 de
2315 3882 2421 3913 Barla-

1357 3928 1478 3961 vington
1505 3923 1634 3954 Diocesis
1657 3921 1850 3962 cicestrienfis‚
1864 3921 1924 3958 jam
1946 3921 2084 3956 legittime
2099 3921 2132 3951 δε
2149 3921 2185 3952 de
2195 3921 2259 3958 jure
2271 3931 2422 3952 vacantem

1356 3963 1390 3995 ὃ(
1403 3964 1438 3995 ad
1454 3961 1582 3995 nostram
1597 3961 1840 3993 Presentationem
1852 3968 1902 3997 per
1916 3958 2029 3997 lapsum
2047 3960 2183 3999 temporis
2196 3960 2251 3992 hac
2265 3961 2330 3993 vice
2343 3962 2423 3999 spec-

2294 4006 2423 4042 tantem3
