2536 4255
242 53 321 91 166

81 140 160 173 Arm.
175 140 218 170 D.
236 135 305 167 dum
315 158 324 174 ,
343 135 419 166 bona
433 132 486 164 fide
502 129 639 171 prestetur
654 128 687 160 &
700 127 885 165 persolvatur:
907 123 1029 156 Proviso
1042 123 1110 166 item
1117 120 1242 164 quodthe
1251 119 1304 162 Li-

111 178 198 209 1626.
239 185 296 206 tere
313 175 364 205 tibi
381 182 440 203 non
453 171 603 208 proficiant
618 167 668 197 nili
683 176 731 204 per
750 166 855 196 Literas
878 165 1010 195 Parentes
1031 160 1123 200 Regie
1143 157 1302 202 Majestatis

83 216 139 247 An.
161 228 186 245 α.
239 213 334 244 debite
358 212 461 242 fuerint
477 208 655 240 confirmate.
693 204 762 236 Dat'
779 204 829 234 sub
848 203 950 241 Sigillo
971 201 1006 232 ad
1028 199 1185 230 Facultates
1202 196 1303 240 vicesi-

84 260 146 285 Car.
171 265 193 283 r.
241 261 292 282 mo
305 250 411 281 octavo
428 249 472 278 die
490 247 590 278 Martii
605 245 691 274 Anno
707 241 997 273 DominiMillesimo
1009 237 1211 270 sexcentesimo
1226 244 1305 265 Vice-

85 292 219 323 ’XVIIL
241 291 312 321 simo
325 289 420 325 seno,
437 286 534 316 nostre
551 282 754 315 Transsationis
767 283 857 312 Anno
874 281 992 311 decimo
1010 280 1124 322 quinto,
1194 315 1198 320 ⁸

84 331 148 368 874.
276 328 295 346 ³*
305 326 416 356 Carolus
425 349 433 362 ,
454 324 509 355 Dei
521 323 624 354 Gratia
633 345 641 357 ,
652 320 771 359 Anglie,
785 322 869 350 Scotie
877 343 886 358 ,
894 320 1024 359 Francis,
1039 317 1071 347 &
1082 314 1213 358 Hiberme
1219 309 1285 341 Rex
1295 331 1304 346 ,

239 363 319 396 Fidei
334 364 497 401 Defensor,
515 363 577 393 διε.
617 360 765 391 Omnibus
785 360 820 389 ad
838 368 910 396 quos
931 357 1073 398 Preientes
1090 354 1186 399 fisi-tere
1203 358 1304 387 perve-

240 405 351 441 nerint,
372 403 505 433 Salutem.
523 400 695 438 Inspeximus
707 397 838 437 quasdam
856 397 963 427 Literas
977 394 1223 436 Dispenutionum
1237 397 1289 455 cliare

240 441 366 473 sentibus
380 450 500 472 annexas
521 449 586 478 quas
609 439 642 469 &
665 437 770 476 singula
793 437 822 465 in
843 437 880 466 eis
901 441 1036 465 contenta
1056 439 1136 469 Juxta
1160 437 1234 471 quen
1257 434 1303 471 am

240 480 353 511 Actum
370 480 434 510 inde
450 481 477 510 in
498 478 690 509 Parliamento
703 475 832 506 Domini
854 475 966 504 Henrici
978 480 1069 514 *nuper
1089 467 1178 506 Regis
1199 462 1305 509 Apglze

239 519 336 549 oc‘tavi
360 517 566 549 Predecessoris
588 515 678 546 nostri
699 515 827 551 editum,
851 512 1066 546 ratificammus,
1084 506 1306 548 approbaVimus

240 559 274 587 &
290 557 540 595 confirmavimus,
556 564 590 585 ac
607 563 659 592 pro
681 554 763 584 nobis
780 550 942 582 Heredibus
965 548 997 578 &
1015 543 1230 575 Succefforibus
1251 551 1306 571 no-

239 596 319 634 stris,
339 595 528 632 ratificamus,
545 594 734 634 approbamus
750 592 783 622 ὅς
797 588 1003 629 confirmamus
1018 594 1066 621 per
1083 582 1247 625 PresenteS,
1261 578 1304 624 Ita

261 636 319 666 uod
335 635 466 666 Robertiss
480 638 535 673 Say
545 657 554 671 ,
570 631 718 669 Clericus,
734 629 818 660 Sacre
833 627 999 668 Theologie
1014 621 1161 665 Professor
1176 630 1209 663 in·
1220 618 1303 662 drCiis

239 645 346 705 {iteris
370 675 533 704 nominatus
554 671 689 701 omnibus
708 670 741 701 ὃ(
758 666 868 706 singulis
890 666 918 695 in
937 662 1042 705 eisdem
1058 659 1224 701 speeificatis
1246 665 1303 700 uti,

238 713 296 743 frui
310 714 344 744 &
361 714 445 750 potiri
462 711 548 742 valeat
563 710 596 740 δε
615 707 717 746 possit,
736 706 821 736 libere
841 706 874 736 ὃς
892 703 1006 742 quiete,
1024 708 1140 736 impune
1158 697 1191 728 &
1206 696 1303 739 licite,

239 751 395 781 secundum
411 753 489 788 vim,
504 748 630 780 formam
651 748 684 778 ὃς
708 743 847 775 εἱῑεὲἶωῑ]
870 741 1039 778 earundem,
1058 736 1161 781 absque
1177 733 1303 779 'impedi-

239 799 342 821 mento
358 798 542 828 quocunque.
577 786 622 816 Eo
636 785 712 823 quod
728 781 851 821 expreiia
868 780 977 811 mentio
991 778 1027 807 de
1051 774 1303 816 certitudine-pre-

239 829 476 866 missor-uimaut
495 827 530 857 de
545 826 600 856 aliis
616 824 710 854 Donis
725 822 781 851 five
796 818 1037 859 Concessionibus
1057 824 1105 859 per
1125 813 1193 843 Nos
1208 812 1302 855 eidem

238 868 356 897 Roberto
372 877 435 897 ante
453 867 508 896 hec
526 871 654 901 tempora
670 861 747 891 fadiis
761 861 790 888 in
806 858 979 896 presentibus
995 862 1113 884 minime
1122 851 1195 882 faCta
1203 849 1303 894 existit,

237 916 286 936 aut
299 907 392 944 aliquo
405 906 535 942 Statum,
555 904 647 938 Astu,
668 898 875 935 Ordinatione,
894 890 1302 942 ProvifioneBProclarriano-

237 954 276 974 ne
292 945 350 975 five
372 943 565 975 Restrisstione
588 939 654 970 inde
678 939 706 968 in
729 937 905 968 contrarium
931 932 997 964 fa&
1020 931 1080 961 edit
1108 929 1239 973 ordinat*
1256 927 1302 958 seu

236 983 346 1020 provis’
360 992 405 1013 aut
422 983 514 1020 aliqua
537 981 587 1010 alia
604 988 633 1007 re
656 976 735 1007 causa
756 974 800 1005 vel
822 973 936 1004 materia
956 979 1128 1014 quacunque
1151 978 1181 998 in
1205 967 1301 1010 aliquo

239 1031 301 1051 non
316 1021 455 1051 obstante.
494 1019 525 1049 [n
541 1017 620 1055 cujus
636 1016 674 1045 rei
691 1013 888 1045 testimonium
911 1012 959 1041 has
984 1009 1091 1040 Literas
1112 1006 1221 1038 nostras
1242 1005 1301 1036 fieri

238 1059 362 1090 fecimus
377 1060 515 1091 patentes.
906 1089 911 1094 ,
1162 1085 1167 1089 .
1284 1083 1299 1089 ..

276 1098 367 1129 Teste
382 1097 487 1135 meipso
499 1095 573 1132 apud
591 1089 866 1132 Westmonasterium,
884 1086 1022 1120 Vicesimo
1038 1095 1119 1117 nono
1140 1083 1186 1116 die
1200 1082 1302 1114 Martii

236 1135 327 1168 Auno
343 1137 439 1177 Regni
454 1135 541 1166 nostri
560 1132 693 1164 secundo.

241 1213 394 1254 Confimiles
408 1215 523 1244 Literas
536 1214 575 1241 Di
586 1210 774 1249 pensationum
790 1206 828 1242 &
849 1204 1092 1249 Confirmationum
1113 1199 1217 1231 habent
1232 1202 1300 1230 Per-

470 1250 540 1292 sone
567 1248 697 1289 ubscrtpte
703 1246 758 1287 fich
771 1245 886 1285 divevjfis
899 1243 961 1274 dat'
976 1253 1038 1272 viz.

276 1329 432 1366 Francifius
447 1327 526 1366 Hill,
543 1326 688 1362 Clericus,
707 1324 743 1355 A.
765 1323 812 1354 M.
837 1331 953 1354 necnon
967 1317 1137 1363 Capella-nus
1155 1316 1302 1360 honorari-

239 1373 269 1404 di
284 1371 347 1401 Viri
362 1366 502 1398 Edwardi
517 1364 601 1394 Noell
613 1364 717 1394 Militis
732 1364 843 1392 Domini
858 1359 945 1390 Noell
960 1359 992 1389 de
1013 1356 1170 1399 Ridlmgtm
1192 1365 1221 1385 in
1240 1353 1304 1384 Co-

238 1412 340 1443 mitatu
358 1404 482 1437 Rutland
494 1412 525 1434 ut
541 1403 597 1433 una
611 1412 680 1434 cum
701 1401 840 1432 Redioria
853 1397 978 1429 Ecclesie
1001 1394 1170 1439 Parochzalis
1185 1393 1220 1423 de
1242 1396 1302 1422 As·

233 1448 346 1489 fordbye
364 1443 480 1474 Dioces'
495 1441 623 1472 Lincoln’
639 1444 736 1479 (quam
754 1441 815 1477 jam
836 1435 958 1471 obtinet)
980 1434 1168 1465 Medietatem
1190 1430 1305 1475 Rec'to-

239 1488 279 1518 iie
293 1483 418 1516 Ecclesie
434 1481 605 1512 Parochialis
619 1479 654 1509 de
667 1477 790 1508 Trowell
801 1475 921 1506 Dioces'
934 1473 1053 1504 Eburum
1070 1471 1175 1508 (modo
1189 1480 1249 1501 non
1261 1469 1305 1500 di-

238 1526 291 1557 stet
315 1534 331 1553 a
355 1521 443 1559 priori
461 1520 531 1550 ulti-a
556 1517 695 1549 sexdecim
718 1515 862 1551 Milliaria)
883 1514 1005 1550 recipere
1027 1510 1113 1554 possit
1137 1511 1169 1542 &
1191 1507 1306 1555 insimul

242 1561 340 1603 quoad
358 1560 458 1590 vixerit
471 1559 597 1589 retinere.
637 1555 706 1585 Dat'
721 1554 867 1585 tricesimo
883 1553 930 1583 die
944 1550 1053 1581 Mensis
1075 1552 1196 1586 Μανιιι,
1215 1547 1305 1592 Anno

236 1600 366 1634 Domini
385 1597 546 1628 Millelimo
561 1593 763 1626 sexcentesimo
781 1591 917 1624 vicesimo
931 1590 1026 1628 sexm,
1044 1589 1077 1622 ὅ(
1098 1587 1306 1619 Transsationis

240 1641 329 1672 Anno
344 1637 457 1668 decimo
473 1637 586 1674 quinto.
1017 1668 1021 1673 Ι
1131 1664 1137 1671 .
1284 1665 1289 1670 1

274 1676 482 1708 Confirmatio.
515 1673 604 1706 Teste
618 1672 700 1712 Rege
713 1670 789 1712 apud
804 1665 1085 1708 Weslmonastermm,
1103 1664 1246 1697 tricesimo
1261 1663 1308 1696 die

247 1718 364 1749 Martii.

278 1794 409 1825 Robertus
424 1791 512 1829 Gale,
528 1790 677 1827 Clericus,
692 1786 728 1819 A.
739 1786 909 1817 M.necn0n
918 1784 963 1816 Ca
984 1784 1087 1815 elianus
1095 1783 1246 1827 prenobilis
1255 1782 1307 1815 Vi-

242 1836 268 1867 ri
289 1831 418 1863 Gulielmi
446 1830 573 1862 Domini
599 1827 666 1866 Ogle
690 1826 807 1857 Batonis
828 1825 863 1856 de
884 1828 953 1854 Bott
966 1834 979 1852 e
1004 1824 1037 1855 &
1064 1821 1256 1853 vicecomitis
1270 1821 1306 1852 de

240 1868 434 1909 Maunsfeild,
449 1877 481 1900 ut
495 1871 551 1898 una
565 1877 634 1898 cum
649 1865 789 1896 Rectoria
805 1862 928 1894 Ecclefie
942 1861 1114 1894 Parochialis
1128 1861 1165 1891 de
1175 1859 1307 1899 Brainesss

241 1910 310 1941 ‹ii-cll
326 1907 444 1941 Dioces'
458 1906 588 1938 Lincoln’
609 1909 706 1943 (quam
711 1905 771 1942 jam
785 1903 907 1937 obtinet)
926 1901 1068 1932 Vicariam
1076 1908 1240 1938 perpetuam
1249 1898 1308 1930 Ec-

241 1950 322 1981 clciie
338 1946 508 1978 Parochialis
520 1946 555 1976 de
571 1943 665 1982 Alhby
682 1941 820 1972 Delalane
840 1939 963 1978 ejusdem
984 1939 1102 1982 Dioces'
1123 1938 1226 1975 (modo
1247 1948 1307 1968 non

241 1988 342 2019 disteat
355 1997 372 2018 a
387 1985 477 2016 Priori
487 1985 558 2015 ultra
572 1985 625 2014 tria
634 1981 779 2017 Milliaria)
797 1981 921 2017 recipere
930 1977 1030 2016 poffit,
1048 1978 1081 2008 ὃ(
1092 1977 1203 2008 insimul
1213 1976 1308 2020 quoad

241 2027 343 2058 vixerit
365 2026 492 2055 retinere.
531 2022 599 2052 Dat'
614 2021 709 2059 ptimo
730 2019 777 2049 die
798 2017 905 2049 Mensis
921 2016 1049 2054 Aprilis,
1069 2015 1158 2059 Anno
1182 2015 1307 2060 Domini

242 2065 401 2096 hslillesimo
423 2061 624 2093 sexcentesimo
647 2057 785 2090 vicesimo
808 2057 907 2094 sexto,
932 2056 965 2087 ὃς
999 2053 1203 2086 Transsatioms
1219 2054 1308 2086 Anno

240 2104 480 2172 (1ςὲἓῇξὲἓὲἓῖ
516 2137 607 2170 Teste
619 2135 702 2176 Rege
719 2133 796 2174 apud
810 2132 1064 2174 westmonasterium
1078 2140 1181 2171 quarto
1195 2132 1240 2163 die
1253 2135 1302 2163 A·

230 2179 326 2224 =prili's.

279 2257 426 2297 Johannes
438 2254 557 2295 Simpfim
567 2277 576 2293 ‚
591 2254 738 2292 Clericus,
757 2253 788 2284 S.
801 2251 843 2283 T.
861 2251 895 2281 P.
906 2259 937 2282 ut
947 2251 1004 2281 una
1016 2259 1084 2281 curn
1099 2248 1238 2280 Rectoria
1247 2249 1307 2281 Ec-

242 2297 323 2328 cleiie
336 2295 508 2327 Parochialis
529 2294 560 2323 de
577 2293 752 2331 Aldington,
770 2300 838 2322 cum
860 2289 974 2327 Capella
996 2289 1032 2318 de
1052 2288 1157 2330 Snyeeth
1185 2288 1305 2319 Dioces'

241 2335 423 2366 Cantuaricn'
445 2339 543 2372 (quarn
560 2333 619 2370 jam
641 2332 766 2367 obtinet)
789 2329 959 2360 Rectoriam
981 2327 1109 2358 Ecclelie
1131 2327 1304 2358 Parochialis

244 2375 281 2404 cle
295 2372 444 2411 Sana'hmst
459 2372 583 2410 eiusdem
598 2370 718 2401 Dioces’
732 2368 833 2404 (modo
849 2377 908 2397 non
919 2365 1002 2396 distet
1016 2377 1031 2396 a
1045 2366 1130 2402 priori
1146 2365 1213 2396 ultra
1220 2367 1304 2405 quin-

243 2414 340 2443 decim
356 2412 487 2443 Millraria
501 2410 546 2441 vel
561 2419 598 2441 eo
612 2408 739 2446 circiter)
758 2408 885 2444 recipere
907 2403 1010 2443 possit,
1026 2406 1059 2436 ὃ(
1085 2403 1178 2442 quoad
1201 2406 1304 2435 vixerit

241 2452 370 2482 retinere.
408 2450 476 2481 Dat’
490 2451 584 2487 primo
600 2448 646 2478 die
666 2446 774 2478 Mensis
787 2443 915 2483 Aprilis,
935 2444 1022 2486 Anno
1039 2442 1165 2486 'Domini
1182 2442 1303 2474 Milleli—

241 2498 295 2520 mo
311 2488 510 2520 sexcentesimo
528 2487 665 2518 vicefimo
687 2487 781 2523 sexte,
799 2485 833 2515 δε
850 2481 1058 2513 Transsauonls
1074 2482 1164 2512 Anno
1186 2481 1303 2512 decimo

265 2537 357 2558 uint0.

242 2538 263 2566 q
276 2566 476 2597 Confirmatio.
514 2563 601 2594 Teste
617 2564 697 2602 Rege
716 2561 791 2601 apud
807 2557 1064 2600 Westmonasterium
1082 2559 1177 2596 primo
1192 2558 1239 2590 die
1254 2562 1303 2588 Α-

234 2605 324 2646 prilis.

276 2686 367 2713 Simon
382 2680 535 2717 Aldriche,
551 2678 698 2715 Clericus,
713 2677 742 2708 S.
758 2677 798 2707 T.
814 2675 838 2706 B
862 2683 893 2706 ut
909 2675 963 2705 una
981 2684 1050 2704 cum
1067 2673 1179 2703 vicaria
1201 2683 1303 2711 perpe-

238 2730 285 2753 tua
302 2722 428 2752 Ecclciie
444 2718 616 2750 Parochialis
631 2717 667 2747 de
680 2720 808 2752 Ringmer
825 2716 855 2744 in
869 2714 1017 2744 Comitatu
1034 2711 1126 2750 Suffi’x
1142 2711 1302 2743 Decanatus

238 2761 276 2792 de
291 2757 505 2795 southa-allinge
521 2760 553 2787 ὃς
572 2756 698 2786 Ecclesie
715 2753 891 2784 Cathedralis
903 2753 936 2783 &
954 2750 1172 2793 Metropolitice
1189 2749 1299 2781 Christi

237 2796 639 2835 Cantuarien'jurisdiffionis
661 2794 824 2823 immediate
850 2793 946 2829 (quam
966 2791 1022 2827 jam
1042 2790 1166 2826 obtinet)
1188 2789 1300 2820 Recto-

237 2839 307 2868 riam
332 2837 458 2866 Ecclelie
482 2834 650 2864 Parochialis
671 2832 706 2862 de
726 2830 875 2868 Haugham
900 2828 1019 2859 Dioces'
1040 2826 1178 2870 Cicestren'
1197 2828 1300 2864 (modo

240 2885 303 2906 non
316 2875 400 2905 distet
420 2884 434 2903 a
449 2873 558 2904 vicaria
581 2871 704 2910 predicta
725 2871 794 2900 ultra
817 2868 986 2899 oetodecim
1009 2866 1154 2903 Milliaria)
1176 2868 1300 2904 recipere

243 2913 329 2954 possit
343 2935 352 2951 ,
369 2915 402 2944 &
424 2912 516 2950 quoad
537 2912 635 2940 vixerit
652 2910 778 2939 retinere.
816 2907 885 2938 Dat’
910 2908 1005 2944 primo
1026 2905 1071 2935 die
1095 2903 1204 2935 Mensis
1224 2908 1301 2940 Maii

240 2954 330 2983 Anno
348 2951 474 2981 Domini
493 2949 650 2980 Millelimo
662 2946 863 2978 sexcentesimo
879 2945 1016 2976 vicesimo
1032 2944 1125 2981 sexto,
1143 2944 1177 2975 ὃς
1195 2943 1300 2975 Trans-

237 2991 351 3022 lationis
374 2991 461 3019 Anno
478 2989 592 3018 decimo
606 2988 692 3016 sexto.

274 3027 476 3059 Confirmatio.
512 3025 601 3056 Teste
616 3024 700 3063 Rege
717 3023 791 3061 apud
813 3019 1087 3061 Westmonasterium,
1109 3018 1235 3052 secundo
1253 3021 1299 3053 die

235 3070 320 3098 Maii.

278 3148 313 3173 W
318 3141 442 3173 illicimus
461 3142 567 3177 Hicks,
582 3138 728 3175 Clericus,
747 3138 785 3168 A.
800 3137 848 3168 M.
868 3147 983 3167 necnon
1005 3135 1174 3175 Capellanus
1196 3146 1299 3175 preno-

237 3184 301 3214 bilis
318 3183 437 3212 Femine
451 3178 591 3218 Francisce
599 3176 752 3208 Comitiise
768 3176 888 3206 Dotarie
900 3178 1026 3212 Exonie,
1046 3183 1075 3203 ut
1092 3175 1146 3204 unii
1159 3184 1227 3206 curn
1237 3175 1296 3207 Re-

236 3220 329 3252 &oria
343 3220 469 3251 Ecclesie
477 3217 646 3249 Parochialis
659 3216 694 3246 de
707 3215 787 3245 stoke
796 3213 914 3254 Episcopi
924 3213 1045 3244 Dioces'
1058 3214 1184 3242 Winton’
1198 3218 1297 3252 (quam

232 3261 294 3298 jam
309 3260 432 3293 obtinet)
447 3258 588 3288 vicariam
602 3263 765 3293 perpetuam
781 3252 907 3283 Ecciene
923 3251 1094 3281 Parochialis
1112 3253 1212 3281 Sam‘le
1227 3256 1297 3282 Cru-

234 3302 270 3328 cis
285 3299 314 3327 in
330 3296 404 3326 Villa
415 3295 609 3334 Southampton
622 3293 743 3330 ejusdem
759 3291 887 3321 Diocelis
908 3290 1011 3328 (modo
1027 3299 1093 3330 non„
1104 3290 1185 3321 distet
1200 3302 1216 3322 a
1235 3291 1296 3322 Re-

237 3336 330 3367 &oria
353 3334 477 3372 predicta
496 3335 565 3364 ultra
590 3333 695 3375 sepoem
717 3329 863 3366 Miliiaria)
883 3330 1009 3371 recipere
1025 3328 1124 3366 posiit,
1143 3330 1177 3360 δε
1200 3330 1295 3369 quoad

238 3374 338 3404 vixerit
353 3374 480 3403 retinere.
520 3371 588 3402 Dat'
612 3368 736 3401 secundo
753 3369 799 3399 die
820 3367 928 3398 Mensis
949 3369 1040 3403 Maii,
1059 3366 1147 3409 Anno
1168 3367 1295 3399 Domini

238 3412 399 3453 hilillesimo
415 3411 615 3442 sexcentesimo
630 3407 765 3440 vicefimo
779 3407 873 3444 sexw,
892 3404 1136 3436 &Transsationis
1150 3405 1239 3437 Anno
1247 3406 1297 3437 de-

237 3454 319 3482 cimo
335 3454 420 3480 sexto.

276 3488 477 3520 Confirmatio.
515 3486 605 3521 Teste
627 3485 709 3524 Rege
728 3481 803 3521 apud
819 3480 1091 3522 Westmonasterium,
1107 3480 1231 3513 secundo
1250 3483 1297 3516 die

234 3531 319 3558 Maii.

273 3604 432 3634 Edwardus
447 3601 553 3639 Hilles,
573 3600 718 3638 Clericus,
738 3598 767 3629 S.
781 3597 821 3628 T.
837 3596 869 3627 B.
884 3604 915 3626 ut
929 3597 985 3626 una
1001 3605 1069 3626 cum
1084 3595 1222 3628 Rectoria
1236 3597 1295 3629 Ec-

236 3643 317 3673 cleiie
335 3643 506 3672 Parochialis
525 3642 560 3670 de
576 3638 727 3676 Ludburgh
748 3635 866 3667 Dioces’
879 3634 1008 3665 Lincoln'
1026 3637 1124 3670 (quam
1142 3637 1200 3674 jam
1218 3637 1295 3667 obti-

86 3685 221 3715 ‘'<VHL
236 3690 296 3717 net)
325 3681 493 3711 Reitoriam
511 3678 638 3708 Eccleiie
659 3676 828 3707 Parochialis
854 3674 873 3693 ᾖ
896 3673 932 3703 de
961 3672 1144 3715 Beckingham
1168 3674 1291 3704 c'usdem

84 3719 152 3759 ἔῃ.
234 3719 366 3748 Dioceiis
386 3720 488 3755 (modo
504 3727 563 3746 non
578 3716 659 3746 distet
674 3727 689 3745 a
706 3715 791 3752 priori
804 3712 874 3744 ultra
896 3712 1046 3748 viginti&
1060 3714 1132 3741 octo
1150 3711 1174 3741 1»
1191 3712 1294 3749 illiaria)

233 3800 318 3829 Nan,
345 3794 430 3823 Anno
447 3794 571 3823 Domini
595 3792 751 3822 Millesimo
772 3787 973 3820 sexcentesimo
990 3788 1125 3818 vicerimo
1141 3789 1235 3828 sexto,
1256 3790 1290 3820 ὃς

229 3832 432 3864 Tranllationis
446 3832 534 3863 Anno
551 3832 666 3860 decimo
682 3831 768 3860 sexto.

265 3869 465 3901 Confirmatio.
503 3869 591 3900 Teste
623 3870 704 3907 Rege
727 3867 802 3907 apud
829 3864 1081 3906 Westmonasterium
1096 3888 1107 3904 ,
1133 3867 1217 3898 tertio
1242 3866 1290 3899 die

227 3913 310 3941 Maii.

680 29 1479 82 CONVENTroNEQ

1537 26 1935 78 LITERAE,

1377 112 1559 145 Lancelottus
1576 114 1731 154 Harrifin,
1750 113 1899 149 Clericus,
1918 111 1957 142 A.
1973 110 2023 142 M.
2045 118 2079 143 ut
2097 113 2156 146 una
2177 120 2246 143 cum
2267 107 2409 141 Resioria
2423 100 2502 133 Arm·
2518 99 2536 132 ἶ

1343 152 1470 183 Ecclesie
1485 152 1652 184 Parochialis
1674 155 1710 183 de
1732 150 1860 182 Bircholt
1887 149 2008 180 Dioces'
2031 151 2212 181 Cantuarien’
2231 154 2330 188 (quarn
2349 148 2408 185 jam
2444 138 2532 169 1⁶26-

1342 192 1466 224 obtinet)
1484 189 1657 222 Rostoriam
1674 191 1799 222 Ecclelie
1817 188 1990 220 Parochialis
2003 187 2039 218 de
2054 188 2179 229 Orleston
2193 189 2316 226 ejusdem
2334 186 2411 217 Dio·
2431 183 2479 207 An.
2499 188 2524 207 ²-

1343 229 1397 259 ces’
1415 229 1523 265 (modo
1538 237 1598 258 non
1613 229 1696 260 distet
1709 240 1724 259 a
1741 229 1827 266 priori
1846 227 1914 258 ultra
1929 236 2035 257 novem
2047 225 2193 263 Milliaria)
2215 227 2339 263 recipere
2348 222 2414 262 pos·
2430 221 2495 248 Car.
2521 225 2531 243 ¹

1344 267 1394 305 sit,
1412 268 1445 297 ὃς
1460 267 1538 305 quod
1551 269 1650 299 vixerit
1666 269 1792 298 retinere.
1829 265 1899 296 Dat'
1913 267 2030 296 decimo
2045 265 2091 295 die
2113 264 2221 295 Mensis
2235 266 2330 300 Maii,
2349 263 2412 306 An-

1345 315 1386 335 no
1408 304 1535 336 Domini
1554 305 1708 337 Millefimo
1725 305 1926 336 sexcentesimo
1941 303 2078 336 vicesimo
2086 303 2180 341 sexro,
2199 301 2415 333 &Transsatio—

1343 345 1388 373 nis
1404 344 1494 373 Anno
1509 344 1723 375 decimosexto.

1383 380 1586 414 Confirmatio.
1612 383 1703 414 Teste
1718 383 1803 422 Rege
1817 380 1890 420 apud
1905 380 2179 421 Weslmonalierium,
2198 377 2352 409 undecimo
2367 376 2413 408 die

1344 423 1431 450 Maii,

1381 499 1519 528 Hem-icus
1538 497 1725 534 Leadbetter,
1744 496 1893 534 Clericus,
1914 496 1952 527 A.
1970 496 2003 528 B.
2020 506 2135 527 necnon
2149 493 2318 534 Capelianus
2332 500 2414 523 reve-

1343 535 1422 566 rendi
1444 538 1473 566 in
1490 536 1610 566 Christo
1637 535 1727 566 Patris
1751 535 1831 565 Tobie
1851 535 2027 574 Eboracenfis
2050 534 2283 573 Arcffiepismpi,
2304 539 2335 561 ut
2355 531 2412 561 una

1345 583 1413 604 cum
1436 574 1576 606 Rectoria
1593 573 1716 605 Ecclesie
1736 573 1911 605 Parochialis
1928 573 1964 603 dc
1988 573 2141 610 Thribargh
2163 571 2284 603 Dioces’
2304 569 2414 599 Ebora-

1344 613 1425 649 cens'(
1445 623 1531 652 quam
1548 615 1605 650 jam
1619 613 1745 646 obtinet)
1765 612 1909 643 Vicariarn
1923 620 2093 649 perpetuam
2107 611 2234 642 Ecclesie
2257 608 2412 641 Parochia-

1344 652 1377 681 lis
1392 651 1427 681 de
1440 649 1625 690 Brodsworth
1640 651 1763 688 ejusdem
1781 650 1913 681 Diocesis
1931 650 2034 685 (modo
2056 659 2116 679 non
2133 649 2213 680 distet
2231 659 2245 678 a
2260 649 2346 687 priori
2368 646 2414 676 ul-

1344 697 1384 719 tra
1398 689 1441 720 sex
1460 689 1604 728 Milliaria)
1625 690 1747 728 recipcre
1762 689 1863 727 poffit,
1882 690 1915 720 &
1940 688 2034 726 quoad
2056 688 2153 718 vixerit
2172 688 2301 719 retinere.
2339 683 2411 716 Dat’

1344 728 1462 758 decimo
1477 729 1522 758 die
1539 728 1648 760 Mensis
1666 731 1758 765 Maii,
1777 729 1866 759 Anno
1880 727 2006 758 Domini
2024 725 2183 756 Millesimo
2205 724 2413 756 sexcentesimo

1343 766 1481 797 vicesimo
1498 767 1593 804 sexto,
1612 768 1645 798 &
1662 766 1863 797 Translationis
1877 767 1964 797 Anno
1979 766 2098 797 decimo
2113 765 2199 795 sexto.

1343 803 1582 873 d'Cffiiiirmatio.
1621 805 1710 836 Teste
1726 805 1808 845 Rege
1829 805 1904 844 apud
1926 803 2184 845 Wejlimonasterium
2198 825 2208 842 ,
2235 800 2412 832 duodecimo

1364 852 1389 873 ie
1440 854 1488 873 an.

1345 922 1360 937 ³
1382 918 1499 950 Thamar
1513 923 1727 960 Maynwaring,
1747 918 1895 958 Clericus,
1911 919 1940 951 S.
1955 919 1997 951 T.
2012 919 2043 952 B.
2063 928 2095 951 ut
2113 921 2169 951 una
2187 928 2257 950 cum
2271 916 2413 948 Red'toria

1343 957 1472 996 Ecclelie
1496 959 1667 990 Parochialis
1689 960 1723 989 de
1749 959 1863 989 Weldon
1883 959 2000 989 Dioces’
2026 959 2216 997 Petriburgen'
2235 959 2333 995 (quam
2349 955 2413 993 J'am

1343 998 1466 1034 obtinet)
1488 997 1630 1028 vicariam
1647 1005 1813 1036 perpetuam
1828 997 1956 1028 Ecclefie
1973 997 2147 1028 Parochialis
2169 998 2206 1029 de
2223 996 2317 1026 Tilton
2333 994 2411 1025 Dio—

1344 1036 1401 1066 ces'
1417 1036 1547 1067 Lincoln’
1567 1038 1673 1074 (modo
1696 1046 1756 1067 non
1775 1035 1857 1066 distet
1873 1045 1888 1065 a
1904 1035 2043 1066 Reetoria
2061 1036 2188 1073 predicia
2209 1036 2279 1066 ultra
2300 1033 2411 1064 duode-

1342 1076 1400 1105 cim
1426 1074 1568 1113 Miliiaria)
1591 1084 1715 1112 recipere
1743 1074 1829 1113 poffit
1844 1097 1853 1115 ‚
1883 1074 1916 1105 &
1941 1074 2035 1113 quoad
2056 1075 2154 1106 vixerit
2178 1076 2305 1106 retinere.
2343 1069 2412 1102 Dat’

1343 1113 1459 1144 decimo
1477 1114 1561 1145 tertio
1576 1114 1622 1145 die
1639 1112 1748 1145 Mensis
1766 1116 1839 1144 Maii
1862 1112 1950 1143 Anno
1968 1111 2092 1143 Domini
2116 1112 2275 1144 Millesirno
2297 1111 2413 1141 sexcen-

1345 1152 1448 1183 tefimo
1462 1153 1600 1184 vicesimo
1613 1152 1688 1182 sexto
1699 1175 1709 1190 ,
1723 1153 1756 1183 &
1771 1150 1977 1183 Transsationis
1994 1151 2086 1181 Anno
2101 1150 2216 1182 decimo
2233 1151 2319 1182 sexto.

1345 1190 1582 1260 d·C‘2³r¹1¹i{·¹·m³⁵i⁰'
1599 1189 1691 1222 Teste
1707 1190 1790 1232 Rege
1803 1189 1875 1231 apud
1891 1188 2171 1229 westmonasterium,
2189 1189 2306 1221 decimo
2327 1188 2413 1220 tertio

1367 1239 1392 1260 ie
1464 1241 1494 1260 n.

1370 1306 1546 1351 'Nathaniel
1559 1306 1693 1346 Callian,
1717 1307 1864 1347 Clericus,
1885 1306 1922 1338 A.
1948 1306 1995 1338 M.
2016 1317 2134 1339 necnon
2151 1305 2321 1345 Capelianus
2342 1305 2415 1338 sere-

1347 1346 1454 1376 nissimi
1469 1345 1592 1376 Domini
1606 1347 1713 1386 Regis,
1731 1357 1761 1378 ut
1777 1348 1833 1378 un‘a
1850 1356 1921 1377 cum
1937 1345 2077 1378 Rectoria
2095 1345 2222 1377 Ecclesie
2243 1345 2416 1383 Parochialis

1346 1383 1382 1414 de
1403 1384 1510 1415 Lindin
1536 1384 1658 1416 Dioces'
1681 1385 1870 1423 Petriburgen’
1890 1386 1987 1424 (quam
2005 1386 2067 1424 jam
2091 1386 2213 1417 obtinet)
2242 1384 2415 1416 Recroriam

1347 1421 1474 1466 Ecclesie
1490 1422 1664 1455 Parochialis
1678 1423 1714 1455 de
1736 1422 1932 1464 Wmondham
1951 1423 2070 1455 Dioces'
2087 1421 2215 1454 Lincoln’
2231 1423 2336 1459 (modo
2353 1432 2416 1453 non

1347 1460 1431 1492 distet
1445 1471 1461 1492 a
1476 1462 1563 1500 priori
1579 1462 1649 1493 ultra
1662 1463 1763 1502 viginti
1779 1462 1921 1500 Milliaria)
1942 1463 2069 1500 recipere
2084 1460 2170 1500 possit
2180 1486 2190 1500 ‚
2209 1462 2244 1493 δε
2258 1460 2351 1500 quoad
2367 1463 2415 1492 vi-

1348 1500 1420 1543 xerit
1435 1502 1565 1532 retinere.
1602 1500 1672 1531 Dat'
1686 1501 1844 1532 undecimo
1860 1500 1906 1530 die
1929 1499 2039 1531 Mensis
2060 1503 2153 1538 Maii,
2173 1500 2264 1530 Anno
2286 1498 2415 1532 Domini

1347 1537 1507 1608 gaillefimtp
1531 1539 1733 1571 sexcentesimo
1758 1539 1896 1573 vicesimo
1921 1537 2016 1577 sexto,
2041 1539 2074 1571 &
2097 1537 2303 1570 Transsationis
2325 1538 2417 1570 Anno

1368 1586 1465 1608 ecimo
1493 1585 1569 1608 exto.

1352 1614 1591 1686 d'Cfffi‘rmatio'
1628 1615 1720 1648 Teste
1742 1615 1829 1655 Rege
1850 1615 1925 1655 apud
1947 1614 2225 1656 Wstmonasterium,
2241 1615 2419 1648 duodecimo

1373 1664 1399 1687 le
1448 1666 1495 1686 all.

1391 1735 1519 1773 Georgius
1546 1733 1653 1772 Smith,
1672 1732 1820 1772 Clericus,
1839 1732 1869 1764 S.
1882 1732 1923 1764 T.
1938 1731 1972 1763 B.
1987 1740 2019 1764 ut
2035 1731 2092 1764 una
2105 1741 2176 1762 cum
2188 1731 2304 1763 Vicari'a
2323 1742 2423 1772 perpe-

1353 1780 1402 1803 tua
1419 1772 1547 1804 Ecciefie
1561 1773 1734 1804 Parochialis
1749 1773 1785 1804 de
1799 1771 1912 1812 Alford
1929 1771 2050 1802 Dioces'
2064 1770 2171 1810 Roffin'
2189 1780 2275 1810 quam
2291 1771 2354 1809 jam
2367 1772 2422 1802 ob-

1353 1811 1437 1849 tinet)
1455 1810 1626 1843 Reecoriam
1643 1811 1770 1842 Ecclesie
1787 1810 1958 1841 Parochialis
1978 1810 2014 1842 de
2037 1808 2191 1850 Chelsfeild
2211 1819 2280 1841 cum
2303 1807 2422 1848 Capella

1352 1850 1389 1880 de
1401 1849 1594 1889 Farnborough
1608 1850 1732 1889 ejusdem
1746 1849 1876 1880 Diocesis
1893 1849 1997 1888 (modo
2010 1859 2072 1880 non
2091 1848 2175 1879 distet
2191 1857 2207 1878 a
2222 1849 2336 1880 Vicaria
2359 1858 2424 1887 pre-

1352 1888 1431 1920 dicia
1441 1890 1511 1921 ultra
1525 1889 1728 1927 septemdecim
1746 1888 1882 1924 Miliaria)
1899 1889 2027 1925 recipere
2044 1887 2130 1925 possit
2143 1911 2152 1925 ,
2172 1887 2206 1918 &
2228 1888 2323 1926 quoad
2342 1890 2422 1918 vixe-

1352 1928 1390 1958 rit
1403 1928 1533 1959 retinere.
1569 1926 1640 1958 Dat’
1657 1927 1796 1958 vicefimo
1810 1927 1936 1957 secundo
1952 1928 1996 1957 die
2008 1926 2118 1957 Menfis
2131 1929 2224 1963 Maii,
2243 1926 2333 1957 Anno
2351 1925 2420 1957 Do-

1352 1967 1425 1996 mini
1442 1966 1602 1997 Millefimo
1616 1965 1819 1998 sexcentesimo
1835 1965 1974 1997 vicesimo
1987 1967 2064 1996 sexto
2074 1988 2085 2004 ,
2101 1965 2135 1996 ὃ(
2146 1963 2348 1996 Transsationis
2359 1964 2422 1995 An-

1353 2015 1394 2035 no
1409 2005 1529 2036 decimo
1548 2006 1635 2037 sexto.

1389 2043 1593 2114 (ilonsciirmgtqu
1626 2043 1716 2076 Teste
1731 2042 1816 2084 Rege
1830 2042 1904 2084 apud
1918 2041 2176 2084 Westmonasterium
2191 2066 2202 2083 ,
2220 2043 2361 2076 vicesimo
2378 2041 2422 2074 se?

1350 2091 1408 2114 cun
1428 2093 1448 2113 o
1484 2093 1509 2114 ie
1560 2086 1609 2114 ati.

1350 2163 1361 2189 ἵ
1388 2159 1541 2192 Richardus
1557 2164 1685 2199 Burton,
1703 2159 1851 2199 Clericus,
1868 2160 1907 2191 A.
1927 2159 1975 2190 M.
1993 2169 2109 2191 necnon
2125 2160 2296 2200 Capelianus
2318 2168 2421 2198 preno-

1351 2199 1414 2230 bilis
1428 2200 1488 2230 Viri
1502 2203 1618 2230 Henrici
1635 2198 1825 2230 vicecomitis
1842 2197 1981 2238 Rochford
1996 2199 2123 2229 Domini
2140 2199 2291 2239 Hunfilon,
2311 2207 2341 2229 ut
2364 2198 2421 2230 una.

1351 2248 1421 2270 cum
1438 2237 1576 2271 Rectoria
1596 2238 1724 2269 Ecclefie
1748 2237 1921 2269 Parochialis
1942 2238 1977 2269 de
1995 2237 2105 2277 Dufton
2130 2238 2249 2270 Dioces'
2273 2235 2418 2267 Carliolen'

1351 2278 1447 2316 (quam
1455 2278 1514 2316 jam
1527 2278 1650 2314 obtinet)
1670 2276 1840 2307 Redkoriain
1856 2276 1983 2307 Ecclesie
1997 2276 2169 2308 Parochialis
2189 2279 2226 2308 de
2240 2279 2329 2306 Orton
2344 2273 2416 2312 ejus:—

1348 2316 1416 2347 dem
1433 2316 1565 2354 Dioces’)
1587 2315 1677 2346 inodo
1691 2324 1751 2346 non
1769 2315 1853 2346 distet
1867 2325 1882 2345 a
1898 2316 1986 2354 priori
2005 2315 2076 2345 ultra
2090 2316 2190 2354 viginti
2206 2313 2349 2349 Milliaria)
2368 2322 2413 2343 re-

1348 2357 1439 2393 cipere
1454 2356 1558 2394 possit,
1576 2356 1609 2387 &
1625 2354 1719 2392 quoad
1735 2354 1835 2385 vixerit
1850 2355 1979 2385 retinere.
2015 2352 2085 2384 Dat²
2100 2353 2236 2384 vicesimo
2257 2352 2342 2381 tertio
2365 2351 2413 2381 die

1348 2394 1458 2424 Mensis
1471 2397 1566 2431 Maii,
1585 2394 1675 2424 Anno
1690 2392 1980 2423 DominiMillefimo
1992 2391 2192 2422 sexcentesimo
2207 2389 2413 2421 vicesimosex-

1348 2441 1394 2470 ιο,
1415 2435 1448 2465 &
1464 2433 1668 2464 Translationis
1684 2432 1773 2462 Anno
1786 2431 1904 2462 decimo
1919 2431 2006 2461 sexto.

1381 2471 1586 2541 Cionfirmatio,
1611 2469 1700 2502 Teste
1711 2469 1795 2509 Rege
1807 2469 1881 2510 apud
1889 2466 2145 2508 Wqstmonasterium
2152 2489 2163 2506 ,
2179 2467 2317 2500 vicesimo
2329 2476 2411 2506 quar·

1347 2518 1380 2542 to
1416 2521 1441 2541 ie
1462 2514 1549 2542 Maii.

1382 2589 1488 2627 Jenkin
1507 2587 1658 2626 Vaughan‚
1677 2585 1826 2624 Clericus,
1844 2585 1878 2615 A.
1896 2583 1943 2614 M.
1957 2593 2073 2615 necnon
2089 2583 2261 2621 Capelianus
2275 2584 2411 2621 prenobi-

1345 2626 1378 2657 lis
1393 2629 1445 2659 viri
1460 2626 1604 2657 Willielmi
1618 2625 1744 2656 Comitis
1755 2622 1941 2660 Pembrochie,
1966 2631 1997 2652 ut
2012 2624 2067 2653 una
2087 2632 2159 2652 curn
2178 2623 2294 2655 Vicaria‘
2306 2631 2407 2662 perpe-

1344 2673 1390 2695 tua
1412 2666 1536 2697 Ecclesie
1554 2664 1726 2695 Parochialis
1742 2664 1777 2694 de
1800 2666 1913 2693 Mivott
1932 2661 2052 2691 Dioces’
2073 2660 2218 2700 Afizphen'
2233 2663 2332 2700 (quam
2351 2663 2408 2692 'am

1344 2705 1470 2741 obtinet)
1489 2704 1656 2734 Red’toriam
1676 2701 1801 2732 Ecclefie
1816 2700 1986 2732 Parochialis
1998 2700 2034 2729 de
2055 2702 2172 2728 Kemnes
2187 2700 2313 2737 ejusdem
2366 2702 2409 2730 io-

1344 2743 1400 2772 ces'
1421 2743 1522 2780 (modo
1538 2752 1598 2772 non
1614 2740 1695 2771 distet
1710 2752 1725 2770 a
1741 2741 1851 2771 Vicaria
1867 2739 1991 2777 predicis
2015 2737 2085 2769 ultra
2099 2737 2239 2768 sexdecim
2262 2737 2406 2775 Milliaria)

1342 2783 1466 2819 recipere
1483 2780 1585 2819 possit,
1602 2781 1635 2810 ὃ(
1652 2779 1745 2817 quoad
1765 2779 1865 2808 vixerit
1884 2779 2013 2808 retinere.
2051 2776 2119 2807 Dat’
2132 2777 2267 2807 vicesimo
2281 2777 2404 2816 septimo

1341 2819 1387 2850 die
1403 2820 1511 2851 Mensis
1527 2822 1622 2856 Maii,
1637 2819 1725 2848 Auno
1740 2816 1865 2846 Domini
1876 2815 2033 2846 Miliesimo
2047 2815 2250 2847 sexcentesimo
2264 2816 2404 2849 vicesimo

1344 2860 1422 2889 sexto
1436 2862 1469 2891 ὃς
1488 2857 1695 2889 Transsationis
1713 2856 1802 2886 Anno
1817 2855 1932 2886 decimo
1949 2854 2034 2884 sexto.

1379 2896 1583 2929 Confirmatio.
1619 2894 1709 2926 Teste
1731 2895 1813 2932 Rege
1833 2893 1908 2932 apud
1929 2891 2185 2932 Wessmonasterium
2201 2915 2211 2931 ,
2236 2893 2338 2933 quinto
2356 2892 2405 2926 die

1339 2937 1430 2975 Junn‘.

1376 3013 1537 3053 Ambrofius
1561 3011 1707 3051 Phillipps,
1725 3010 1873 3049 Clericus,
1892 3009 1929 3040 A.
1947 3008 1995 3040 Μ.
2015 3019 2132 3040 necnon
2149 3008 2320 3048 Capelianus
2335 3019 2402 3049 pre-

1338 3054 1442 3084 nobilis
1462 3053 1525 3083 Viri
1554 3054 1666 3081 Henraeci
1687 3049 1811 3080 Comitis
1831 3048 2046 3086 Northumbrie,
2071 3057 2100 3078 ut
2120 3050 2175 3079 una
2197 3058 2267 3079 cum
2286 3049 2400 3081 Vicaria

1338 3100 1470 3130 perpetua
1493 3090 1620 3121 Eccleiie
1645 3089 1816 3118 Parochialis
1837 3089 1871 3118 de
1895 3090 1991 3117 Eaton·
2008 3087 2124 3118 Dioces'
2138 3086 2276 3126 Hereford
2293 3090 2399 3127 (quam

1335 3132 1397 3169 jam
1417 3130 1548 3165 obtinet)
1568 3127 1736 3157 Reetorram
1754 3129 1875 3164 primam
1892 3127 1936 3156 seu
1950 3127 2076 3157 dextram
2094 3127 2257 3163 portionem
2274 3127 2320 3159 seu
2342 3129 2400 3166 pri-

1338 3178 1415 3200 mam
1442 3168 1497 3198 sive
1517 3166 1645 3196 dextram
1667 3166 1829 3204 portionem
1848 3165 1988 3195 Rectorie
2014 3164 2138 3195 Ecclelie
2161 3164 2337 3197 Parochialis
2364 3167 2401 3198 de

1340 3206 1480 3246 Westbury
1499 3205 1562 3235 alias
1584 3204 1708 3242 Wesbury
1729 3204 1851 3240 eiusdem
1874 3203 1992 3234 Dioces’
2012 3203 2114 3241 (modo
2137 3212 2197 3232 non
2215 3203 2300 3236 distet
2316 3215 2332 3236 a
2347 3204 2399 3236 Vi-

1338 3249 1412 3277 caria
1427 3244 1550 3284 predicta
1567 3244 1636 3273 ultra
1651 3244 1833 3274 ⁸duodecim
1843 3242 1988 3277 Milliaria)
2007 3242 2132 3280 recipere
2139 3241 2242 3279 possit,
2259 3243 2293 3274 &
2307 3243 2401 3282 quoad
2411 3251 2536 3284 aXVIH

1337 3285 1437 3317 vixerit
1452 3284 1578 3314 retinere.
1600 3281 1778 3318 Dat'quinto
1787 3281 1832 3312 die
1846 3281 1955 3311 Mensis
1968 3279 2070 3318 Junii,
2091 3280 2180 3310 Anno
2191 3279 2314 3312 Domini
2326 3280 2472 3328 Mil-776,

1332 3324 1433 3356 lesimo
1448 3321 1648 3353 sexcentesimo
1663 3319 1799 3352 vicesimo
1818 3319 1913 3358 sexto,
1935 3320 1968 3350 &
1984 3317 2191 3349 Transsationis
2214 3320 2303 3351 Anno
2316 3319 2396 3351 deci-

1336 3361 1574 3430 ωἳὲἓῗίξιῖὼεείο.
1611 3395 1701 3428 Teste
1726 3394 1902 3436 Rege.apud
1923 3393 2178 3434 westmonasterium
2190 3418 2201 3435 ,
2227 3395 2329 3434 quinto
2350 3395 2396 3428 die

1335 3439 1433 3479 Junii.

1374 3515 1533 3546 Ludovicur
1553 3514 1690 3550 Morgan,
1709 3511 1855 3549 Clericus,
1875 3510 1911 3541 A.
1928 3509 1976 3541 M.
1995 3519 2027 3542 ut
2047 3519 2104 3541 una
2118 3518 2188 3540 cum
2202 3507 2315 3541 Vicaria
2330 3521 2395 3550 per..

1335 3562 1420 3593 petua
1443 3551 1567 3583 Ecclesie
1588 3551 1758 3581 Parochialis
1780 3550 1816 3580 de
1837 3549 1950 3580 Brecon'
1977 3548 2099 3579 Dioces'
2116 3548 2265 3577 Meneven’
2285 3550 2294 3584 (
2306 3559 2390 3588 quam

1333 3596 1391 3630 jam
1410 3592 1540 3626 obtinet)
1560 3589 1727 3620 Redioriam
1750 3589 1877 3619 Eccleiie
1900 3588 2066 3618 Parochialis
2082 3586 2118 3616 de
2140 3585 2297 3627 Llandetty
2316 3589 2391 3626 ejus.

1333 3632 1402 3661 dem
1424 3629 1541 3659 Dioces’
1559 3628 1667 3663 (modo
1694 3637 1753 3658 non
1776 3628 1857 3658 distet
1879 3637 1895 3656 a
1912 3626 2024 3657 Vicaria
2040 3624 2164 3662 predi&a
2179 3623 2249 3654 ultra
2262 3626 2389 3665 quinque

1333 3667 1483 3704 Milliaria)
1503 3667 1627 3704 recipere
1641 3666 1743 3704 possit,
1762 3667 1796 3697 ὃς
1813 3664 1904 3703 quoad
1918 3664 2017 3695 vixerit
2029 3664 2158 3704 retinere.
2170 3661 2253 3693 ‘Dat'
2270 3665 2389 3697 decimo

1332 3708 1416 3738 tertio
1431 3706 1479 3736 die
1495 3705 1603 3735 Mensis
1615 3703 1718 3742 Junii,
1735 3705 1823 3734 Anno
1841 3704 1960 3734 Domini
1970 3701 2126 3731 Milleiimo
2134 3701 2335 3734 sexcentesimo
2347 3705 2391 3737 vi·

235 3759 358 3792 recipere
373 3756 472 3793 possit,
489 3756 522 3785 &
539 3756 633 3793 quoad
653 3754 751 3783 vixerit
765 3754 890 3782 retinere.
927 3749 997 3779 Dat'
1008 3750 1092 3778 tertio
1115 3750 1161 3779 die
1183 3750 1291 3781 Mensis
1329 3745 1438 3776 cefimo
1457 3744 1552 3774 sexto,
1571 3744 1605 3774 &
1621 3743 1826 3773 Translationis
1844 3744 1930 3772 Anno
1946 3740 2060 3769 decimo
2076 3738 2163 3768 sextO.

1330 3776 1571 3860 d'anfif'matib'
1607 3780 1696 3812 Teste
1709 3782 1791 3821 Rege
1811 3793 1815 3806 ·.
1819 3782 1876 3819 pud
1893 3775 2154 3818 Westmonasterium,
2171 3776 2288 3809 decimo
2304 3770 2389 3812 tertio

1352 3832 1376 3852 ie
1419 3831 1486 3851 unll-

1366 3900 1446 3937 Hugo
1462 3896 1570 3939 Lloyd,
1587 3897 1733 3941 Clericus,
1749 3897 1778 3930 S.
1797 3895 1838 3929 T.
1856 3895 1888 3928 B.
1907 3902 1937 3926 ut
1953 3893 2006 3925 una
2021 3902 2093 3924 curn
2111 3876 2248 3931 Reifforia
2262 3893 2389 3965 Ecssiefie

2327 3943 2390 3965 arm.
