2536 4255
759 190 872 233 ET
965 190 1230 232 ACTA

0 279 67 311 Arm.
82 276 123 307 D.
144 276 193 308 the
217 277 318 316 tyme,
347 278 444 309 where
468 278 522 309 and
547 277 635 310 when
650 277 719 317 they
734 277 801 308 shall
817 278 854 308 be
868 275 914 307 soe
927 276 1073 314 occupied
1089 275 1144 307 and
1158 277 1213 306 im·
1248 286 1280 306 ou
1293 285 1465 319 autrement,
1484 282 1554 324 ainsi

11 318 98 357 1631.
144 316 262 353 ploied3
282 315 426 347 Provided
441 316 559 354 alwayes
579 317 639 347 that
658 317 705 346 the
718 316 791 347 same
806 322 868 353 part
886 314 924 345 of
933 317 981 345 the
994 315 1048 345 said
1065 315 1216 352 Accompt
1250 322 1352 353 propos.

0 360 45 385 Aa.
66 365 91 390 7.
143 363 172 384 as
186 353 340 392 aforesaid,
356 364 388 386 to
405 356 442 385 be
457 355 599 386 delivered
615 355 652 393 by
669 363 727 393 you
742 363 777 383 or
791 364 846 393 any
864 352 933 383 such
950 353 1019 384 Five
1035 364 1069 384 or
1086 363 1168 384 more
1181 352 1219 383 of

0 399 54 424 Cur.
75 403 100 421 i.
141 401 199 431 you
217 402 245 422 as
262 392 395 424 aforesaid
414 395 460 425 soe
480 393 573 431 iigned
591 396 645 423 and
670 391 813 422 delivered
831 414 841 429 ,
867 391 934 422 shall
952 400 1005 423 not
1024 401 1175 423 exonerate
1192 391 1247 423 and
1265 391 1412 432 discharge
1429 394 1477 425 the
1495 396 1549 427 said
1569 398 1631 428 Ace

139 506 278 548 Payment
295 509 411 540 thereos
413 532 423 547 ,
439 508 527 538 either
547 508 585 546 by
601 506 774 539 installment
788 517 823 538 or
836 508 1006 547 otherwise3
1022 518 1050 539 as
1065 517 1097 539 to
1113 517 1173 548 you
1189 518 1222 539 or
1236 519 1270 540 an

141 557 256 617 cogvnegi
259 556 326 616 112)ῗῖιῖ
349 584 423 616 Will
442 583 498 614 and
522 583 649 615 Pleasure
671 585 693 614 is
712 606 721 621 ‚
746 584 800 615 and
812 585 891 617 Wee
908 585 965 616 doe
979 586 1088 624 hereby
1102 585 1212 617 declare

141 634 196 654 our
210 626 301 655 intent
320 623 375 653 and
399 623 533 661 meaning
548 631 579 653 to
596 625 648 653 bee
665 645 674 660 ‚
691 623 751 653 that
767 633 822 654 our
835 624 890 654 said
905 623 1125 655 Vice-treasurer
1140 634 1210 655 now

141 662 197 693 and
214 663 261 693 for
277 663 325 692 the
337 670 415 700 tyme
431 662 519 698 being
530 684 539 698 ,
559 662 625 693 ihall
639 662 676 692 be
694 671 808 700 exempt
831 663 907 692 from
926 664 1014 701 being
1029 673 1045 692 a
1061 661 1211 693 Commis-

137 701 233 732 fioner
256 701 294 739 by
315 707 414 730 vertue
434 700 472 730 of
491 701 547 730 this
570 711 624 731 our
650 699 870 737 Commfflion,
895 700 945 731 for
959 701 1016 732 and
1031 702 1209 740 concerning

137 749 193 778 any
209 748 326 769 manner
346 738 383 768 of
404 739 553 776 Accompt
575 749 610 770 or
634 738 816 777 Accompts,
834 739 871 770 of
883 749 917 770 an
954 739 1021 770 such
1035 739 1158 770 Somme
1174 750 1208 770 or

136 777 273 808 Sommes
285 777 324 807 of
335 776 450 817 Money
466 788 500 808 or
513 778 598 809 other
612 785 714 809 matter
725 787 759 807 or
777 779 860 817 thing
872 799 883 815 ,
921 788 954 807 or
969 778 1068 809 which
1082 779 1208 810 himselfe

134 816 160 846 is
174 825 208 845 or
228 815 322 853 ought
342 824 373 846 to
397 817 450 847 bee
472 816 675 856 accomptable
691 839 701 854 ,
726 825 760 845 or
781 816 882 847 which
905 818 942 846 he
958 817 980 846 is
995 827 1029 847 or
1045 817 1113 847 ihall
1126 816 1208 848 stand

134 853 308 892 chargeable
321 854 384 893 for,
401 865 435 885 or
451 855 489 895 by
509 855 605 885 reason
620 855 657 884 of
667 854 709 884 his
722 854 779 884 said
802 854 888 885 Place
911 864 945 885 or
960 854 1060 885 Office
1074 855 1111 885 of
1119 855 1208 886 Vice-

132 893 282 931 treasurer,
301 904 336 924 or
353 895 390 934 by
405 903 459 933 any
473 895 556 924 other
571 894 655 924 wales
669 902 703 922 or
721 903 834 923 meanes
847 893 1038 931 whatsoeveu
1058 894 1113 924 and
1131 904 1208 926 con—

131 933 253 971 cerning
268 932 303 962 all
318 933 403 963 other
418 933 581 970 Accompts
597 939 628 962 to
648 931 722 963 have
736 930 806 962 such
824 940 925 971 power
946 932 1001 963 and
1018 933 1162 973 authority
1177 943 1206 964 as

130 970 154 1002 is
167 970 275 1009 hereby
289 972 389 1002 before
403 971 542 1001 declared.

169 1009 237 1040 And
247 1010 325 1040 Wee
340 1010 396 1040 doe
411 1009 519 1039 further
532 1009 571 1047 by
588 1007 672 1038 theise
685 1007 812 1039 Presents
827 1017 927 1048 graunt
943 1009 997 1041 and
1010 1011 1129 1048 appoint
1145 1009 1205 1042 that

127 1057 183 1077 our
206 1048 261 1078 said
281 1047 523 1078 Commiffioners
544 1048 649 1087 hereby
669 1047 836 1078 authorized
855 1058 884 1079 as
903 1048 1055 1085 aforesaid,
1076 1048 1142 1078 shall
1157 1050 1203 1079 sor

127 1085 201 1117 their
225 1087 325 1118 labour
341 1087 396 1116 and
416 1088 508 1123 paines
533 1095 565 1117 to
582 1086 617 1115 be
634 1085 735 1124 taken,
755 1087 784 1116 in
799 1086 853 1116 and
868 1087 958 1117 about
976 1087 1023 1118 the
1042 1086 1202 1118 Execution

127 1126 165 1154 of
177 1125 231 1155 this
247 1135 300 1155 our
316 1121 536 1163 Commiffion,
552 1123 626 1154 have
643 1123 699 1154 and
715 1126 825 1155 receive
840 1126 877 1164 by
894 1126 985 1156 virtue
1000 1126 1132 1165 thereos,
1151 1126 1202 1156 the

124 1163 219 1203 yearly
237 1163 361 1193 Somme
374 1163 409 1193 of
419 1167 535 1200 Twenty
550 1163 659 1201 pounds
674 1171 723 1201 per
745 1167 865 1194 Annum
883 1173 987 1201 apeece
1002 1186 1012 1201 ‚
1039 1171 1073 1194 to
1085 1164 1122 1194 be
1136 1165 1200 1202 paid

125 1209 201 1232 unto
222 1202 304 1233 them
324 1212 379 1232 our
401 1201 457 1233 said
486 1201 727 1233 Commisfioners
747 1210 800 1233 out
825 1201 862 1232 of
876 1202 925 1232 the
941 1201 1080 1241 Receipte
1094 1202 1133 1232 of
1146 1213 1200 1233 our

123 1239 305 1280 Exchequer,
324 1241 354 1270 in
369 1250 424 1271 our
443 1241 498 1271 said
512 1239 636 1270 Realme
647 1241 683 1270 of
696 1239 826 1278 Ireland,
842 1240 947 1276 during
963 1241 1013 1270 the
1026 1242 1199 1272 continuan-

123 1287 160 1308 ce
184 1279 221 1309 of
239 1279 297 1310 this
317 1289 372 1310 our
394 1278 617 1317 Commiffion3
643 1279 698 1309 and
715 1279 770 1308 this
784 1288 838 1308 our
854 1277 1052 1308 Commiffion
1071 1279 1139 1309 shall
1161 1280 1198 1311 be

124 1325 198 1348 unto
218 1326 275 1356 you
300 1318 357 1349 and
375 1327 461 1357 every
485 1318 523 1348 of
531 1327 591 1358 you
613 1317 661 1347 for
677 1317 726 1346 the
741 1317 848 1355 doeing
861 1317 917 1347 and
936 1318 1089 1356 executing
1101 1318 1138 1349 of
1148 1318 1198 1349 the

123 1354 293 1393 Premiffes,
311 1357 366 1387 and
384 1358 477 1387 everie
490 1365 569 1394 parte
580 1355 633 1385 and
652 1355 754 1392 parcell
770 1355 888 1385 thereos
900 1378 910 1393 ,
924 1355 1083 1393 according
1097 1365 1129 1386 to
1143 1367 1198 1387 our

123 1393 311 1426 determinate
324 1395 446 1433 pleasure
461 1396 490 1424 in
511 1403 594 1430 every
611 1394 824 1423 circumstance
845 1392 994 1432 specified,
1021 1404 1036 1424 a
1057 1394 1198 1427 sufficient

123 1433 262 1464 Warrant
277 1435 331 1464 and
347 1433 511 1470 discharge,
528 1431 668 1468 although
687 1431 738 1463 the
754 1431 829 1463 same
846 1432 883 1463 be
905 1440 957 1464 not
971 1434 1050 1463 from
1067 1441 1150 1474 ryme
1167 1444 1198 1466 to

124 1478 205 1509 tyme
221 1471 379 1503 continued
396 1472 434 1510 by
450 1471 660 1510 adjournment.

147 1547 194 1578 ·1n
213 1547 354 1585 Witnes,
364 1547 428 1579 &c.

113 1615 360 1694 -ofvolgrggjrpur
378 1624 445 1655 selfe
458 1631 486 1655 at
503 1623 686 1663 Westminster
702 1646 714 1663 ,
731 1622 783 1655 the
797 1623 901 1658 Fower
915 1625 972 1657 and
984 1626 1133 1659 twentieth
1147 1626 1199 1667 day

819 1742 876 1771 Per
888 1739 973 1780 ipsam
986 1743 1093 1779 Regem.

269 1867 297 1893 ’ᾗ
313 1869 362 1900 De
383 1868 520 1899 Licentia
538 1864 679 1913 Eligendi
688 1876 745 1912 pro
766 1866 901 1913 Epistopo
920 1865 1041 1910 Elieifi,

0 1881 102 1915 '‘XIX.
125 1893 129 1897 ”

0 1933 46 1991 2¹13,
66 1961 104 1993 D,
186 1951 276 1990 EX,
293 1950 353 1995 &q
374 1950 495 1982 Dileffls
515 1951 617 1996 Nebis
643 1951 674 1981 in
699 1950 859 1996 christo,
882 1954 995 1996 necans
1010 1951 1064 1996 φ
1081 1955 1195 1991 Capitu-

0 1999 84 2039 1631.
114 2023 117 2026 ,
198 1990 222 2020 Io
242 1990 371 2022 Ecclelie
393 1989 571 2022 Cathedralis
593 1990 698 2021 Sancte
712 1991 747 2021 &
766 1989 917 2023 Individue
931 1990 1078 2022 Trinitatis
1096 1991 1195 2023 Elien-

0 2046 32 2105 z:-
57 2050 81 2107 Ξ
114 2029 413 2106 Ἰιςῖῄέᾶιὲιίτῖῗῖι6ἷὶτε
430 2068 513 2098 nobis
527 2067 576 2099 'est
591 2067 734 2098 humiliter
752 2066 940 2105 supplicatum
959 2089 969 2104 ,
1002 2075 1034 2098 ut
1052 2078 1122 2099 cum
1138 2067 1195 2100 Ec-

13 2118 58 2145 26·
123 2107 203 2138 clesia
227 2107 363 2144 praedicta
383 2116 432 2145 per
459 2114 583 2137 mortem
605 2106 760 2137 naturalem
782 2107 873 2137 ultimi
891 2105 1025 2145 Episcopi
1048 2107 1170 2145 ejusdem
1186 2130 1195 2145 ,

115 2148 175 2185 jam
199 2154 300 2183 vacet,
319 2147 353 2176 &
375 2144 500 2175 Pastoris
523 2145 622 2176 solatio
640 2145 672 2176 sit
693 2144 827 2175 destituta
842 2168 852 2182 ,
875 2144 961 2174 alium
976 2145 1058 2175 vobis
1072 2145 1194 2186 eligendi

120 2186 151 2215 in
174 2183 352 2222 Episcopum
367 2184 400 2214 &
417 2182 562 2214 Pastorem
580 2183 746 2215 Licentiam
762 2183 888 2215 nostram
902 2183 1094 2215 fundatoriam
1111 2185 1194 2217 vobis

112 2221 295 2254 >Concedere
309 2222 502 2261 dignaremur.

109 2297 110 2301 Ἰ
158 2261 229 2292 Nos
242 2262 371 2299 precibus
391 2259 489 2292 vestris
511 2261 540 2291 in
561 2260 614 2292 hac
636 2269 716 2298 parte
740 2270 811 2291 cum
830 2259 940 2292 Favore
957 2260 1147 2299 Inclinantes,
1164 2272 1193 2293 a-

116 2299 289 2332 lium²¹vobis
302 2300 434 2330 duximus
449 2298 669 2330 concedendum
688 2310 699 2338 3
721 2298 865 2338 Rogantes
876 2322 887 2338 ,
902 2309 936 2330 ac
950 2300 981 2330 in
996 2300 1066 2330 Fide
1084 2302 1118 2332 δε
1136 2300 1194 2331 Di-

108 2339 244 2369 lectione
263 2340 365 2377 quibus
391 2338 473 2369 nobis
501 2339 643 2369 tenemini
667 2338 852 2375 precipientes
866 2361 875 2375 ,
900 2338 980 2376 quod
1003 2339 1090 2369 talem
1109 2340 1194 2370 vobis

116 2378 221 2415 eligatis
239 2377 271 2408 in
291 2376 467 2417 Episcopum
488 2378 522 2409 &
540 2375 690 2407 Pastorem
703 2400 712 2413 ,
741 2376 791 2414 qui
811 2376 881 2408 Deo
897 2378 1037 2416 devotus,
1053 2378 1193 2417 nobisque

113 2415 150 2446 &
165 2415 274 2456 Regno
289 2415 389 2446 nostro
408 2415 503 2455 utilis,
522 2416 556 2447 δε
573 2414 667 2446 fidelis
684 2414 792 2447 existat.

159 2482 204 2523 *In
223 2493 303 2530 cujus
315 2493 375 2530 rei,
395 2492 448 2525 &c

149 2539 182 2572 ·T
182 2538 242 2571 este
258 2539 344 2580 Rege
361 2539 436 2578 apud
455 2537 736 2580 Wstmonasterium,
752 2538 829 2570 sexto
844 2538 890 2570 die
903 2540 1084 2588 Nopembrisl

538 2618 594 2646 Per
606 2619 702 2646 Breve
715 2616 749 2646 de
758 2617 879 2646 Privato
891 2615 983 2654 Sigillo
991 2638 1001 2655 ,
1017 2615 1082 2652 &c-

104 2743 160 2777 ‘De
183 2739 403 2777 Pardonatione
429 2741 521 2773 Anne
542 2739 688 2822 Cffltilffi
703 2739 739 2797 ‘f‘
756 2737 963 2774 Castlehaven
976 2750 1032 2787 pro
1051 2742 1186 2774 Crimine

624 2800 645 2820 u
657 2798 738 2821 lern-

217 2874 249 2906 X
264 2874 413 2905 Omnibus
425 2873 461 2904 ad
479 2882 571 2911 quOS,
589 2874 652 2905 &c.
668 2873 808 2905 Saluteml

120 2950 123 2952 ,
210 2913 328 2944 Humili
349 2922 383 2943 ac
403 2912 510 2943 devota
532 2912 693 2949 Petitione,
711 2921 744 2942 ex
768 2919 845 2950 parte
870 2913 958 2942 Anne
982 2911 1123 2952 Comiteffi’
1148 2913 1182 2943 de

106 2951 293 2992 Castlehavizn
307 2953 338 2982 in
353 2950 462 2989 Regno
478 2948 576 2980 nostro
590 2949 721 2979 Hibernie
732 2972 742 2987 ,
756 2959 848 2987 nuper
865 2952 959 2980 uxoris
972 2953 1103 2981 Mervini
1118 2955 1179 2981 Do-

105 2993 171 3019 mini
194 2990 307 3030 Audley
331 2993 442 3020 Comitis
465 2989 497 3018 de
519 2986 702 3028 Castlehaven
718 2987 868 3025 defuncti,
888 2987 985 3018 Nobis
1004 2989 1177 3027 Suppliciter

101 3030 252 3066 porrecta,
271 3028 462 3059 monstratum
484 3025 541 3064 est,
561 3026 640 3064 quod
666 3026 738 3064 ipsa,
756 3026 825 3056 citra
853 3025 1079 3058 Matrimonium
1104 3038 1175 3059 cum

101 3066 182 3098 dieto
200 3076 290 3107 nuper
306 3066 417 3097 Marito
431 3065 480 3096 suo
496 3064 679 3096 contractum
695 3065 729 3095 &
743 3063 979 3102 solemnizatum,
1005 3065 1176 3097 diversimo-

101 3104 138 3136 de
162 3106 191 3136 in
216 3116 247 3136 ea
264 3114 355 3144 parte,
375 3106 407 3135 δε
425 3105 497 3135 ultra
512 3106 585 3135 vires
601 3103 728 3133 humane
743 3102 898 3139 fragilitatis
913 3112 1071 3139 provocata
1083 3126 1093 3142 ,
1111 3104 1173 3135 ille-

99 3144 208 3181 cebris,
226 3154 259 3175 ac
281 3143 435 3181 aliquocies
456 3143 560 3173 timore
581 3141 693 3173 devicta
717 3142 751 3173 &
770 3141 898 3179 seducta,
913 3141 1100 3179 nephandum
1116 3144 1172 3173 cri-

98 3192 169 3214 men
193 3183 332 3214 Adulterii
351 3182 385 3213 &
409 3180 628 3210 Incontinencie
646 3180 735 3218 sepius
749 3180 783 3211 &
798 3180 908 3211 vicibus
926 3181 1028 3210 iteratis
1042 3182 1172 3211 commi-

99 3221 149 3259 sit,
168 3222 202 3253 &
224 3220 401 3259 amplexibus
423 3218 582 3249 adulterinis
603 3219 746 3249 carnaliter
771 3219 884 3257 cognita
906 3218 958 3248 fuit
976 3229 986 3257 3
1010 3218 1077 3256 Jam
1100 3230 1170 3250 vero

97 3259 215 3290 tandem
237 3262 266 3291 in
291 3258 440 3290 meliorem
463 3258 497 3288 &
521 3257 658 3287 saniorem
682 3265 810 3288 mentem
833 3257 1108 3288 &viteinstituturn
1125 3269 1169 3289 re-

100 3297 197 3336 versa,
216 3308 276 3329 non
299 3298 394 3328 solum
417 3294 549 3327 Crimina
572 3295 727 3332 antedicta,
746 3295 792 3325 sed
809 3297 979 3325 memoriam
988 3306 1088 3326 eorum
1105 3307 1171 3327 orn-

97 3346 168 3367 nem
186 3337 416 3374 perhorrescens,
435 3335 524 3372 Regie
540 3333 635 3364 nostre
653 3332 808 3371 Majestatis
823 3334 1004 3365 clementiam
1020 3335 1169 3366 humiliter

94 3375 281 3412 implorando
297 3376 409 3405 veniam
419 3373 453 3403 &
468 3372 714 3403 condonationem
727 3371 835 3403 nostras
848 3374 940 3410 regias
955 3374 999 3410 pia
1015 3373 1169 3407 devotione

96 3414 259 3452 suppliciter
274 3415 352 3451 petiit
368 3414 401 3444 ὃς
417 3420 526 3442 exorata
538 3411 589 3442 est.

134 3454 234 3484 Sciatis
250 3453 329 3491 quod
344 3451 427 3488 Nos,
438 3450 508 3480 dieze
515 3447 646 3488 Comitiffi’
654 3448 815 3480 humilimis
831 3449 962 3488 precibus
974 3450 1102 3489 graciose
1118 3461 1166 3481 an-

100 3500 240 3530 nuentes,
258 3491 369 3529 ejusque
393 3488 599 3527 compatientes
627 3487 727 3527 statui,
752 3490 854 3526 pietate
876 3489 965 3527 moti,
992 3499 1023 3519 ac
1050 3489 1165 3528 Legum

97 3530 260 3562 nostrarum
274 3530 447 3561 severitatem
456 3526 607 3558 clementia
620 3525 716 3557 nostra
726 3526 801 3566 regia
811 3528 939 3566 mitigare
960 3527 993 3557 ὃ(
1007 3537 1164 3565 temperate

97 3569 255 3606 volentes,
278 3568 324 3598 De
341 3567 426 3606 gratia
439 3565 533 3595 nostra
552 3565 675 3602 speciali,
703 3574 736 3596 ac
751 3575 785 3595 ex
803 3574 880 3596 certa
896 3566 1016 3596 sciencia
1033 3567 1066 3597 ὃς
1083 3576 1163 3597 mero

98 3617 184 3638 motu
210 3606 327 3644 nosti-is,
345 3616 378 3636 ac
401 3613 434 3635 ex
461 3604 634 3641 plenitudine
655 3604 796 3641 potestatis
813 3604 908 3635 nostre
922 3605 997 3643 regie
1013 3605 1046 3635 &
1061 3603 1162 3635 Eccle-

97 3646 206 3677 fiastice
221 3648 319 3685 (quarn
334 3644 412 3684 argui
428 3643 576 3678 nolumus)
588 3643 687 3672 omnia
702 3643 824 3673 crimina
840 3642 976 3674 Adulterii
987 3665 996 3680 ,
1028 3643 1163 3673 Fornica-

95 3685 181 3714 tionis
199 3686 231 3716 ὃς
249 3683 489 3719 Incontinencie,
513 3681 738 3718 quotiescunque
753 3690 800 3719 per
814 3681 923 3712 dictam
937 3681 1103 3720 Comitiffiim
1119 3691 1161 3713 ut-

95 3731 212 3761 cunque
235 3723 353 3754 antehac
377 3719 529 3752 commissa
553 3719 586 3749 &
607 3728 780 3757 perpetrata,
798 3729 975 3758 omnemque
1002 3720 1163 3759 maculam,

97 3770 133 3791 ac
156 3761 339 3793 omnimodas
361 3770 462 3799 penas,
481 3757 618 3789 Censuias
633 3757 839 3789 Eccleliasticas
853 3759 885 3790 &
901 3758 1060 3796 Seculares,
1079 3758 1163 3790 Peni—

98 3799 204 3829 tencias
225 3801 367 3839 publicas,
383 3798 469 3836 fines,
487 3796 623 3832 mulctas,
643 3797 750 3827 ratione
772 3797 926 3834 Adulterii,
952 3797 1160 3828 Fornicationis

96 3837 155 3867 sive
177 3837 393 3870 Incontinencie
422 3837 575 3868 criminum
601 3844 649 3873 per
671 3844 734 3864 earn
751 3836 870 3866 antehac
887 3836 1109 3866 commissorum
1126 3838 1159 3868 &

94 3885 342 3916 perpetratorum,
361 3876 545 3916 infligendas,
569 3874 615 3904 scu
638 3873 740 3912 quibus
761 3875 869 3904 ratione
912 3874 1091 3905 remissorum
1116 3876 1161 3906 seu

95 3924 197 3945 eorum
213 3914 359 3952 cujussibet
372 3913 585 3953 quoquomodo
599 3911 735 3943 innodata
752 3912 861 3949 existit,
892 3923 925 3942 eu
943 3913 978 3943 de
989 3913 1053 3951 jure
1067 3913 1111 3943 vel
1127 3915 1163 3944 ab

93 3953 216 3983 homine
229 3953 357 3983 innodari
372 3955 475 3992 poterit
491 3954 521 3983 in
535 3952 662 3982 futurum
672 3974 681 3987 ,
701 3950 777 3981 dicte
791 3954 878 3981 Anne
892 3950 1026 3990 Comitiſje
1040 3952 1071 3980 de
1085 3952 1164 3990 Cas}-

92 3991 216 4022 Iehaven
232 4013 241 4028 ,
262 4000 349 4027 nuper
372 3993 466 4022 uxoris
488 3991 558 4022 dieti
585 3993 714 4021 Mervini
729 3992 840 4019 Comitis
854 3989 886 4018 de
902 3989 1103 4028 Castlehaven,
1121 3993 1167 4021 ihu

91 4039 272 4069 quocunque
297 4029 351 4059 alio
375 4031 492 4061 nomine
507 4054 517 4068 ‚
544 4029 723 4069 cognomine
746 4028 791 4058 vel
814 4028 955 4058 additione
975 4030 1102 4061 nominis
1124 4030 1168 4060 v‘el

93 4067 369 4108 cognominis,in
391 4077 511 4100 vocetur
535 4070 581 4100 vel
604 4075 801 4105 nuncupetur,
828 4071 872 4096 leu
898 4076 987 4106 nuper
1013 4069 1168 4098 vocabatur

93 4109 140 4140 seu
152 4106 387 4146 nuncupabatur,
403 4106 438 4139 ad
452 4116 575 4141 omnem
589 4107 659 4148 iuris
674 4107 708 4140 ὃς
723 4106 791 4138 faeti
805 4104 963 4144 effectum,
977 4113 1032 4144 pto
1048 4104 1170 4144 Nobis,

0 2893 36 2914 in.
52 2883 95 2918 D.
112 2874 206 2932 RE

0 2922 63 2962 531.

0 2969 15 2990 r.
36 2972 62 2997 7.

0 3009 17 3028 ³⁴.
41 3010 66 3029 1.

2 3047 48 3073 ¹9·

0 3078 24 3105 6.

141 430 305 462 Executors
323 443 356 462 or
375 432 627 468 Administrators‚
646 430 684 460 of
698 439 752 470 any
771 430 842 462 such
860 429 930 461 debt
951 441 979 461 as
998 430 1066 461 shall
1081 432 1119 461 be
1137 432 1176 470 by
1194 440 1269 469 you,
1287 441 1321 460 or
1339 441 1393 471 any
1412 431 1480 462 such
1500 435 1568 465 Five
1587 446 1620 466 or

142 471 181 509 by
198 470 281 501 them
299 472 399 509 owing
418 479 489 501 unto
508 468 553 499 Us
573 479 651 506 upon
670 469 745 499 their
763 468 817 499 said
837 468 1018 508 Accompts,
1035 469 1117 500 untill
1134 470 1202 500 such
1220 471 1291 500 time
1308 480 1336 500 as
1353 470 1419 509 they
1438 472 1493 501 and
1512 482 1594 511 every
1615 485 1634 504 o

1323 184 1804 243 poetioli.
2243 221 2324 262 205

1566 295 1616 325 que
1630 295 1698 315 vous
1712 297 1744 316 ou
1759 291 1820 329 cinq
1836 299 1867 319 ou
1878 287 1940 329 plus
1953 290 1985 321 de
2007 300 2075 322 vous
2097 289 2122 322 le
2134 297 2283 324 trouverez
2298 292 2316 323 ἃ
2334 291 2411 324 Ann.
2426 291 2468 327 D.

2345 334 2439 408 2335:

1633 409 1775 438 omptants
1793 413 1827 433 or
1845 414 1898 443 any
1916 405 1954 435 of
1967 406 2044 437 them
2060 431 2069 445 ,
2097 408 2169 439 their
2189 407 2295 438 Heires
2332 411 2395 437 Car.
2414 418 2440 439 ι.

1637 441 2236 516 tizan-viritatemfetardi?
2256 432 2313 515 {¹¹⁶³

1272 518 1290 549 y
1305 508 1375 541 Five
1390 519 1424 540 or
1441 519 1522 541 more
1537 512 1572 540 of
1586 522 1644 551 you
1656 524 1683 544 as
1706 517 1727 545 is
1742 517 1874 548 aforesaid
1899 493 2149 563 ffiguebtgrtthegugffi
2166 498 2241 555 meebt
2254 495 2311 554 arieli

1287 587 1329 616 Et
1343 597 1408 616 nous
1425 585 1538 617 voulons
1552 598 1643 619 encore
1657 589 1695 623 ὠν
1710 591 1845 623 de'clarons

1246 624 1313 654 ledit
1330 628 1358 655 V
1357 626 1560 664 ice-Tre‘forier,
1574 637 1605 655 ou
1623 626 1688 656 celui
1709 632 1754 667 qui
1775 630 1799 658 le

1247 675 1280 693 en
1295 671 1378 694 vertu
1395 664 1427 694 de
1441 671 1512 693 cette
1525 665 1705 705 Commiffion,
1722 666 1845 706 lorfiyu'il
1855 672 1956 708 s'agira
1972 675 2016 703 des
2031 685 2141 717 comptos
2155 691 2187 709 ou
2196 682 2309 717 Jo'mmes

1246 702 1279 731 de
1294 703 1396 732 deniers
1410 702 1530 744 desquels
1543 703 1567 733 il
1577 704 1634 733 doit
1659 704 1797 734 lui-meme
1816 707 1872 736 §tre
1897 712 2059 750 raefiwnfhble
2111 728 2142 745 ou
2158 718 2275 757 desuels
2288 717 2314 747 il

1246 740 1283 780 est
1297 740 1397 778 charge<
1407 765 1416 779 ,
1433 753 1465 771 ou
1481 742 1499 770 ἃ
1511 743 1587 781 caus?
1600 742 1633 772 de
1643 743 1681 781 fia
1697 743 1793 786 chqrge
1807 746 1839 773 de
1854 749 1881 774 V
1882 751 2064 788 ice—Trcflbrz'cr
2076 740 2084 752 ⁵
2115 767 2148 784 ou
2166 731 2220 795 paz
2233 757 2311 798 quel-

1245 790 1309 818 ques
1324 787 1416 809 autres
1431 791 1534 820 moyens
1550 792 1600 821 que
1616 793 1643 811 ce
1659 782 1743 821 putffe
1756 783 1815 812 §tre
1829 793 1839 819 ,·
1860 789 1927 815 mais
1943 799 1993 826 que
2010 798 2065 827 par
2080 777 2194 831 ’rapport
2216 796 2234 825 ᾗ
2249 804 2309 826 tous

1245 818 1282 847 les
1297 826 1392 848 autres
1410 827 1522 856 comptes
1539 843 1549 855 ,
1572 819 1596 849 il
1613 823 1656 850 ait
1681 820 1707 850 le
1725 825 1842 861 pouvoir
1860 821 1899 858 ὠ
1916 823 2061 858 Ιάιιῐονιίἔ
2071 835 2118 871 qui
2133 833 2171 861 lui
2178 833 2246 872 [bnt
2262 844 2309 864 ac.

1244 856 1332 886 corde‘s
1341 864 1397 895 par
1412 857 1442 888 la
1456 858 1595 897 Pre'fi’nte.

1838 633 1841 635 .
1859 607 1907 635 que
1922 597 1981 634 c'est
1996 606 2072 629 notre
2087 604 2241 637 intention,
2260 612 2312 641 que

1812 633 1877 669 Jera
1887 657 1895 670 ,
1913 646 1945 663 πε
1953 636 2011 674 suit
2024 642 2099 674 point
2110 639 2291 678 Commiffiaire
2300 662 2311 679 ‚

1266 1011 1326 1056 'Et
1337 1021 1402 1042 nous
1416 1011 1537 1043 donnons
1549 1013 1583 1043 de
1595 1012 1657 1051 plus
1672 1011 1711 1048 ό*
1727 1014 1870 1045 accordons
1881 1022 1935 1053 par
1949 1015 1987 1046 les
2004 1020 2162 1060 Prffsentes,
2179 1035 2229 1064 que
2246 1035 2307 1056 nos-

1240 1048 1296 1078 dits
1319 1050 1512 1089 Commiffiaires
1535 1052 1607 1084 ainfi
1620 1052 1752 1092 autorise's
1770 1061 1872 1084 aurant
1882 1063 1954 1093 pour
1979 1055 2036 1085 leur
2059 1061 2168 1090 travail
2182 1064 2218 1097 ὠ·
2236 1063 2309 1095 leurs

1233 1090 1327 1126 peines
1343 1111 1354 1126 ,
1380 1100 1413 1118 en
1437 1093 1585 1120 exe‘cutant
1609 1098 1678 1120 cette
1698 1091 1862 1132 Commifflon
1878 1117 1888 1130 ,
1914 1093 1953 1128 &
1974 1105 2117 1126 recevron!
2133 1112 2163 1128 en
2179 1110 2259 1132 virtu
2274 1105 2307 1133 de

1240 1125 1360 1164 celle-ci,
1385 1128 1413 1157 la
1428 1127 1530 1167 stimme
1553 1130 1588 1160 de
1610 1131 1692 1167 vingt
1714 1131 1798 1161 livres
1815 1142 1862 1169 par
1876 1142 1928 1169 an,
1948 1136 1993 1174 qui
2009 1133 2168 1172 lt’ursssront
2180 1144 2271 1175 pavete
2285 1143 2306 1171 d

1238 1163 1268 1192 la
1284 1173 1384 1195 recette
1406 1166 1438 1195 de
1459 1175 1538 1197 notre
1553 1168 1710 1206 Echiquier
1728 1170 1806 1200 audit
1827 1174 1961 1209 Royaume
1983 1172 2124 1204 d’lrlande
2138 1198 2147 1213 ,
2170 1169 2233 1207 tari„
2257 1191 2308 1219 que

1239 1210 1311 1250 cette
1330 1205 1496 1244 Commiffion
1516 1206 1615 1236 durera
1632 1217 1642 1243 ,-
1669 1207 1708 1243 &³
1736 1216 1805 1239 cette
1827 1211 1991 1251 Commiffiun
2008 1222 2077 1242 vous
2085 1213 2200 1251 fi’rvira
2216 1217 2232 1244 ri
2247 1226 2307 1248 tous

1237 1240 1276 1275 ό·
1293 1253 1311 1270 a
1329 1243 1432 1273 chacun
1452 1244 1485 1273 de
1502 1255 1589 1283 vous,
1602 1254 1671 1283 pour
1691 1250 1772 1279 avoir
1795 1248 1920 1288 accompli
1943 1258 2002 1279 tous
2017 1249 2054 1279 les
2065 1254 2158 1290 points
2175 1259 2306 1285 mation-

1236 1282 1282 1309 κός
1297 1280 1437 1320 ιὶνιίεβὶις,
1457 1282 1495 1318 &
1512 1283 1612 1324 chaque
1623 1289 1715 1322 partie
1730 1297 1763 1315 en
1780 1287 1869 1316 dcstail
1884 1311 1892 1324 ,
1911 1287 1980 1325 ainsi
1993 1298 2042 1326 que
2059 1300 2125 1319 noi-'s
2140 1290 2178 1320 l'cz
2186 1303 2248 1321 aem·
2263 1305 2308 1322 or—

1236 1319 1329 1349 donne‘
1344 1330 1377 1349 en
1394 1327 1483 1350 toutes
1498 1320 1569 1352 leurs
1583 1323 1774 1360 circonstances
1788 1348 1798 1364 ,
1822 1325 1843 1354 d
1849 1325 1934 1355 'orare
1941 1327 2074 1365 Jifffisant
2089 1326 2126 1362 ὠ·
2149 1331 2181 1359 de
2196 1331 2308 1360 dect-ar-

1234 1368 1267 1426 ng
1281 1381 1290 1395 ,
1314 1361 1426 1404 qeoique
1438 1359 1467 1389 la
1482 1361 1647 1401 Commiffion
1661 1373 1695 1392 ne
1703 1362 1762 1402 fhit
1776 1373 1830 1402 pas
1852 1367 1989 1396 continue‘e
2002 1369 2033 1396 de
2048 1374 2117 1398 tems
2129 1379 2162 1398 en
2177 1376 2245 1400 tems
2252 1379 2307 1410 par

1263 1407 1356 1427 εκτοι.

1272 1552 1320 1582 En
1329 1550 1376 1591 foi
1391 1553 1424 1582 de
1435 1556 1513 1594 quoi,
1529 1552 1591 1590 &c.

1239 1629 1397 1697 brge‘moins
1414 1629 1588 1661 nous—mssmes
1603 1630 1622 1661 ἃ
1637 1631 1858 1672 Westmi'nster,
1875 1633 1900 1663 le
1914 1637 2167 1677 vingt-quatrieme
2180 1637 2304 1671 d’Octo—

1901 1710 1958 1741 Per
1972 1712 2062 1750 ipsum
2081 1712 2203 1753 Regem.

1234 1868 1398 1900 Heredibus
1411 1870 1444 1900 &
1459 1869 1676 1913 Succefforibus
1691 1870 1811 1910 nostris,
1830 1874 1954 1910 graciose
1969 1875 2201 1916 pardonavimus,
2217 1881 2305 1911 remi-

1234 1908 1333 1946 simus,
1352 1909 1552 1952 relaxav1mtis,
1578 1909 1723 1941 abolemus
1740 1912 1772 1942 ὃ(
1788 1912 1985 1942 condonamus
2004 1924 2050 1950 per
2066 1916 2217 1954 presentes,
2232 1920 2305 1950 adeo

1234 1947 1318 1984 plene
1338 1948 1372 1979 ὃς
1397 1955 1521 1985 integre,
1536 1958 1569 1978 ac
1593 1948 1611 1978 fi
1624 1949 1679 1986 ipsa
1695 1950 1804 1979 crimen
1822 1950 1936 1988 aliquod
1953 1952 2103 1992 Adulterii,
2124 1955 2307 1988 fornicatio—

1234 1986 1277 2014 nis
1291 1994 1338 2016 aut
1346 1984 1573 2030 ‘Incontinencie
1590 1997 1737 2024 nunquam
1751 1990 1875 2019 omnino
1892 1991 2075 2021 commiiilset
2093 2015 2102 2030 ,
2130 2003 2184 2024 nec
2203 2005 2217 2023 a
2231 2006 2304 2033 quo-

1235 2033 1321 2068 quam
1345 2024 1442 2055 illicite
1456 2032 1502 2054 aut
1517 2025 1693 2062 amplexibus
1709 2026 1879 2058 Adulterinis
1895 2029 2040 2059 carnaliter
2056 2032 2173 2066 cognita
2192 2032 2305 2073 fuisset,

1234 2062 1271 2093 Lt
1286 2060 1401 2093 firmam
1418 2072 1519 2100 pacem
1536 2063 1664 2094 nostram
1680 2065 1705 2094 ei
1722 2065 1787 2094 inde
1805 2065 2021 2103 Concedimus,
2043 2068 2107 2099 licet
2123 2071 2177 2107 ipla
2192 2072 2227 2100 de
2243 2082 2304 2108 pre-

1234 2100 1332 2145 ,miffis—
1343 2101 1389 2132 vel
1402 2110 1502 2132 eorum
1517 2101 1614 2141 aliquo
1631 2103 1824 2140 quovismodo
1837 2106 1963 2142 impetiti
1983 2106 2067 2138 fuerit
2084 2109 2130 2139 vel
2145 2119 2205 2140 non
2220 2111 2304 2142 tuerit

1232 2148 1371 2178 impetita.

1270 2179 1410 2210 Volentes
1433 2189 1467 2210 ac
1492 2189 1542 2217 per
1566 2179 1706 2217 presentes
1731 2180 1851 2212 firmiter
1873 2182 2047 2215 Mandantes
2062 2206 2072 2222 ,
2099 2194 2153 2223 pro
2178 2186 2305 2228 Nobis,

1231 2217 1397 2248 Heredibus
1416 2219 1449 2249 &
1465 2218 1681 2249 Succelloribus
1698 2219 1816 2256 nostris,
1836 2222 1916 2260 quod
1935 2223 2063 2259 preditfta
2076 2225 2230 2263 Comitlffa,
2254 2237 2310 2264 per

1232 2256 1414 2295 quoscunque
1428 2256 1560 2294 Judices,
1576 2256 1767 2296 Justiciarios,
1788 2258 2077 2298 Commiffionarios,
2097 2271 2143 2292 aut
2158 2266 2225 2294 aiio<
2244 2265 2302 2294 Of-

1233 2295 1355 2326 ficiarios
1374 2295 1587 2326 Ecclefiasticos
1603 2296 1647 2325 vel
1662 2295 1793 2327 seculares
1806 2297 1825 2317 '¹‘
1844 2298 1974 2335 nostros,
1995 2299 2145 2330 Heredum
2169 2303 2215 2333 vel
2230 2302 2302 2334 Suc-
2318 2315 2419 2345 oxu(

1233 2334 1378 2365 cessorum
1400 2333 1560 2364 nostrorum
1580 2334 1730 2365 occasione
1756 2335 1895 2366 Adulterii
1912 2359 1921 2375 ,
1958 2338 2167 2369 Fornicat'onis
2187 2350 2233 2371 aut
2254 2341 2301 2373 In-
2337 2365 2369 2383 Π
2421 2338 2430 2347 ‘

1233 2374 1418 2404 continencie
1439 2372 1606 2403 Criminum
1629 2374 1674 2403 seu
1693 2373 1896 2413 DeliCtorum,
1918 2385 1964 2413 per
1981 2387 2043 2406 eam
2063 2379 2182 2410 antehac
2198 2389 2302 2412 utcun-
2317 2364 2331 2392 3
2375 2375 2383 2383 ⁸

1232 2421 1290 2450 que
1311 2411 1545 2442 Commisiorum
1566 2420 1613 2442 aut
1633 2421 1868 2451 perpetratorum,
1892 2415 1970 2444 nullo
1997 2416 2087 2445 modo
2112 2419 2300 2459 inquietetur,

1230 2459 1361 2490 gravetur
1375 2460 1421 2481 aut
1436 2449 1627 2488 quovismodo
1641 2452 1855 2489 occasion-etur,
1873 2453 1919 2483 sed
1937 2453 2001 2484 inde
2018 2454 2104 2485 libera
2122 2456 2155 2485 fit
2171 2460 2202 2487 ἃ
2220 2459 2300 2495 quie—

1233 2496 1261 2519 ta
1276 2490 1503 2527 imperpetuum,
1531 2489 1597 2519 licet
1614 2488 1650 2519 de
1664 2489 1830 2526 separalibus
1846 2491 1999 2529 Adulterii,
2031 2493 2237 2526 Fornicationis
2252 2498 2299 2529 vel

1231 2526 1453 2558 Incontinencie
1468 2527 1592 2566 actibus,
1609 2538 1656 2565 per
1674 2528 1760 2565 ipsim
1772 2530 1892 2560 antchac
1909 2531 2067 2561 commistis
2076 2542 2121 2562 aur
2134 2538 2297 2571 perpessratis

1225 2575 1287 2596 non
1305 2566 1338 2597 fit
1353 2566 1477 2604 expressa
1494 2568 1622 2604 mentio,
1641 2567 1870 2606 Quibuscunque
1888 2568 2076 2609 Canonibus,
2103 2570 2298 2605 Constitutio—

1225 2604 1307 2673 niffiis
1329 2604 1502 2673 Jiki'ribusque
1527 2605 1649 2645 Legibus
1671 2606 1705 2637 &
1723 2605 1828 2638 statutis
1844 2609 1873 2637 in
1887 2608 2064 2640 contrarium
2077 2609 2107 2640 in
2126 2611 2221 2650 aliquo
2233 2623 2297 2644 non

1224 2652 1244 2672 o
1292 2652 1350 2673 anti
1373 2653 1413 2674 us.

1262 2718 1297 2749 In
1314 2721 1394 2759 cujus
1408 2722 1463 2759 rei,
1483 2721 1545 2752 &c.

1261 2770 1353 2802 Teste
1379 2771 1488 2809 meipso
1513 2770 1587 2810 apud
1605 2771 1868 2811 Wstmonasterium
1883 2795 1893 2811 ,
1917 2772 2036 2803 decimo
2052 2782 2154 2812 quarto
2173 2775 2218 2806 die
2234 2778 2295 2807 No·

1224 2809 1354 2840 vembris.

1717 2850 1770 2878 Per
1786 2851 1882 2879 Breve
1897 2849 1930 2878 de
1948 2851 2071 2879 Privato
2086 2850 2187 2887 sigillo.

1218 2990 1379 3035 Commiffio
1399 2991 1537 3038 specialis
1563 2991 1709 3026 Roberto
1733 2994 1843 3025 Comiti
1877 2991 2039 3037 Lindsey‚
2067 2994 2138 3038 fore
2166 2996 2288 3040 Consta-

1258 3041 1413 3075 baliarium
1443 3040 1571 3085 Angliae
1603 3044 1634 3073 in
1659 3043 1751 3072 Curia
1779 3041 1923 3073 limitari
1931 3042 2024 3087 fhper
2046 3045 2284 3089 Appellationem

1260 3088 1401 3124 Donaldi
1421 3089 1562 3135 Mackay
1583 3087 1686 3133 verfhs
1710 3088 1870 3122 Davidem
1894 3089 2045 3137 Ramsey.

1212 3174 1347 3233 REX
1363 3197 1373 3212 ,
1395 3175 1457 3206 &c.
1483 3174 1646 3206 Predile&o
1674 3175 1708 3206 &
1739 3184 1874 3212 perquam
1897 3174 1972 3205 fideli
1996 3174 2219 3215 consanguineo
2239 3180 2274 3211 &
2294 3188 2360 3222 Αῃῃ
2386 3192 2431 3224 [γ

1290 3213 1459 3282 (ἶοΙηῇΙίαὲἰιῖ
1476 3213 1575 3244 nostro
1585 3237 1595 3251 ,
1611 3212 1727 3243 Roberto
1742 3216 1841 3243 Comiti
1861 3214 1981 3252 Lina'fiy
1997 3215 2123 3247 Summo
2137 3216 2275 3249 Camera-
2317 3215 2393 3271 ¹6321
2420 3216 2428 3224 .

1208 3253 1250 3282 rio
1266 3256 1318 3282 An
1348 3256 1380 3282 iae
1435 3261 1549 3283 autem.
2398 3252 2407 3261 ”

1243 3262 1335 3322 Cumg
1349 3275 1492 3321 Officium
1519 3289 1727 3321 constabularii
1751 3289 1859 3327 Anglie
1873 3300 1973 3321 vacans
1988 3292 2101 3331 existat,
2121 3302 2153 3324 :ic
2169 3294 2276 3326 Donal-
2296 3271 2356 3334 ἐξ
2373 3279 2405 3334 ζ’

1205 3329 1253 3359 dus
1270 3330 1390 3367 Markay
1404 3333 1536 3359 Dominus
1551 3331 1624 3368 Reay
1639 3329 1666 3358 in
1683 3328 1791 3367 Regno
1809 3328 1907 3359 nostro
1923 3333 2007 3359 Scotie
2023 3331 2172 3369 oriundus,
2184 3343 2274 3371 quen·
2288 3350 2304 3381 p
2331 3329 2365 3373 μ’,
2393 3328 2404 3345 ”’

1205 3369 1271 3399 dam
1296 3369 1438 3398 Davidem
1459 3367 1572 3407 Ramfi’y
1589 3368 1773 3404 Armigerum
1787 3368 1892 3397 eodum
1909 3367 2013 3406 Regno
2027 3369 2126 3400 nostro
2146 3380 2245 3403 ortum
2258 3396 2269 3412 ‚
2286 3367 2313 3409 n·
2369 3368 2377 3375 ⁹

1205 3407 1241 3437 de
1256 3407 1421 3446 quibusdam
1436 3406 1662 3443 Contemptibus
1674 3407 1704 3436 ὅ(
1717 3405 1931 3436 proditionibus
1946 3416 2045 3437 contra
2056 3407 2125 3439 Nos
2138 3410 2168 3440 in
2185 3413 2270 3449 parti·
2282 3396 2383 3459 do'rs44'

1205 3445 1258 3476 bus
1278 3445 1484 3476 Transmarinis
1508 3446 1574 3475 actis
1596 3446 1629 3476 &
1654 3446 1818 3481 perpetratis
1839 3446 1865 3473 in
1891 3445 1978 3475 Curia
1994 3444 2113 3478 Militari
2129 3450 2268 3486 appellare
2339 3444 2349 3455 “

1204 3484 1340 3522 intendit,
1363 3483 1397 3514 Et
1420 3483 1520 3514 Nobis
1543 3484 1740 3520 supplicaverit
1759 3483 1810 3512 sibi
1831 3482 1976 3519 justiciam
2003 3483 2081 3521 super
2103 3488 2268 3524 appellatio-

1204 3531 1270 3552 nem
1293 3522 1448 3561 predistam
1467 3522 1610 3559 exhiberi,
1637 3521 1704 3550 Nos
1723 3522 1750 3551 in
1776 3521 1830 3550 hac
1853 3530 1929 3560 parte
1953 3520 2013 3551 fieri
2035 3524 2162 3555 volentes
2186 3528 2267 3564 quod

1198 3561 1308 3599 justum
1323 3561 1381 3598 est,
1399 3570 1432 3590 ac
1447 3561 1482 3591 de
1495 3559 1627 3590 fidelitate
1643 3562 1676 3591 ὃς
1690 3559 1807 3597 provida
1824 3558 2080 3597 circumspectione
2096 3563 2186 3593 vestra
2203 3566 2266 3602 ple-

1202 3600 1263 3630 nius
1278 3599 1452 3630 confidentes
1511 3599 1601 3629 vobis
1617 3598 1805 3628 concessirnus
1819 3596 1950 3627 officium
1968 3597 2177 3632 Constabularii
2196 3607 2266 3633 An-

1198 3638 1251 3676 glie
1266 3639 1333 3676 (hac
1355 3638 1428 3673 vice)
1445 3622 1479 3667 ad
1495 3637 1722 3675 Appellationetn
1737 3635 1855 3679 predifti
1872 3636 1997 3666 Donaldi
2009 3639 2036 3666 in
2050 3638 2105 3668 hic
2122 3649 2215 3679 parte,
2230 3652 2264 3673 u-

1202 3687 1235 3707 na
1257 3687 1325 3708 cum
1345 3676 1502 3713 predilecln
1526 3678 1557 3706 δε
1574 3685 1708 3714 perquam
1724 3673 1797 3703 fideli
1813 3674 2029 3713 Consinguineo
2045 3678 2077 3707 &
2093 3676 2265 3712 C‹›nliliario

1201 3717 1318 3754 nostro,
1337 3715 1440 3745 Thoma
1457 3718 1558 3744 comite
1574 3712 1715 3744 Arundell
1725 3711 1763 3747 όν
1778 3716 1875 3752 Surrey
1891 3712 2050 3744 mariscallo
2073 3715 2172 3747 nostro
2193 3722 2263 3748 An-

1197 3755 1266 3792 glie,
1285 3754 1451 3786 audiendam
1469 3754 1501 3784 &
1521 3753 1575 3784 fine
1595 3753 1694 3782 debito
1719 3752 1946 3789 terminandam,
1970 3751 2006 3782 Et
2027 3756 2124 3784 onmia
2147 3766 2203 3794 que
2224 3755 2262 3789 ad

1201 3793 1344 3824 Officium
1372 3791 1578 3823 Constabularii
1602 3791 1742 3828 pertinent
1763 3790 1792 3818 in
1809 3789 1899 3820 Causa
1915 3791 1948 3820 8<
1965 3791 2100 3829 Negotio
2116 3795 2263 3835 predicto,

1200 3833 1318 3863 faciendi
1341 3833 1373 3862 &
1389 3832 1537 3862 exercendi
1556 3831 1711 3860 secundum
1729 3828 1838 3866 Legem
1857 3830 1890 3859 &
1903 3831 2137 3862 consuetudinem
2154 3833 2265 3864 Armo-

1203 3882 1265 3902 rum
1290 3874 1322 3903 &
1337 3870 1425 3901 Curie
1450 3868 1581 3899 Militaris
1597 3867 1721 3904 Anglie,
1741 3867 1824 3896 vobi,·
1840 3876 1870 3896 ut
1886 3868 2046 3903 predictum
2061 3869 2120 3908 est,
2138 3872 2264 3903 authori-

1203 3919 1292 3941 tatem
1305 3909 1403 3939 danius
1417 3909 1449 3938 &
1465 3908 1662 3938 committimus·
1679 3914 1778 3936 tenore
1797 3905 1974 3941 presentium,

1243 3948 1279 3978 Et
1296 3948 1360 3978 ideo
1377 3947 1459 3977 vobis
1474 3946 1639 3976 mandamus
1656 3943 1731 3982 quod
1749 3945 1822 3973 circa
1840 3945 1970 3980 premissa
1982 3969 1992 3984 ‚
2014 3957 2068 3977 una
2085 3957 2155 3979 cum
2173 3949 2264 3989 prefa-

1205 3995 1238 4018 to
1255 3985 1418 4016 Mariscallo
1433 3984 1605 4015 intendentes
1622 3983 1674 4012 sitis
1689 3984 1716 4011 in
1732 3982 1825 4012 farma
1842 3984 1974 4017 predicta.

1246 4024 1356 4055 Damus
1383 4032 1476 4053 autem
1500 4022 1646 4058 Ducibus,
1676 4019 1912 4060 marchionibus,
1937 4022 2121 4062 comitibus,
2138 4024 2266 4057 Viceco-

1207 4064 1321 4094 mitibu„
1333 4086 1342 4102 ,
1362 4062 1534 4098 Batonibus,
1548 4061 1722 4099 justiciariis,
1743 4058 1869 4102 Bidigis,
1888 4061 2036 4100 prepositis
2055 4065 2088 4095 ὃς
2112 4064 2268 4103 Μῐῃῑρςής,

1207 4102 1240 4134 &
1261 4102 1320 4134 aliis
1341 4100 1470 4133 fidelibus
1490 4098 1592 4131 nostris
1614 4096 1749 4165 univergs
1762 4097 1795 4128 &
1812 4100 1937 4140 lingulis²
1956 4110 2014 4133 tam
2025 4102 2096 4133 infra
2109 4103 2268 4134 Libertas&

1750 4145 1767 4166 0
1788 4145 1803 4176 3
2185 4149 2270 4177 quarn
