2536 4255
137 152 214 184 Arm.
227 151 269 182 D.

157 193 243 229 1625.

134 236 176 257 -An
198 240 221 258 ι.

133 272 199 296 (Ζῆν.
223 278 246 296 1.

116 2243 251 2272 ’xv11L

113 2281 179 2311 668.

284 81 340 121 40

286 153 385 185 c'nialis
401 151 436 182 de
455 143 768 191 LongworthD'ioces’
785 147 887 179 Sarum
903 149 1011 186 (quam-
1016 151 1078 189 jam
1094 149 1219 184 obtinet)
1238 147 1351 180 Reeio-

285 202 356 222 riam
371 190 503 221 Eccleiiae
526 186 698 218 Parochialis
716 186 751 218 de
770 187 939 230 Soniugwell
958 190 1020 220 alias
1037 187 1209 226 Suningwell
1226 187 1349 225 ejusdem

284 230 402 261 Dioces'
419 227 522 266 (modo
536 235 594 255 non
608 224 694 269 distet
709 235 723 254 a
733 224 866 270 Rediorm
882 226 1009 279 predict?
1023 228 1146 259 ultra¹sex
1162 227 1287 271 Milliar')
1306 236 1350 257 re-

283 278 333 337 ῗί-,Ρ
335 277 379 337 ii?
387 264 1353 346 &¹551ssssssssssvgz‘sszz'iiffizzi33²q35353T‘scD125ss‘5353:

285 348 328 376 nis
345 346 429 373 Anno
444 342 679 384 decimoquinto.

284 380 526 459 JConfi-rmario.
557 380 647 411 Teste
672 380 758 418 Rege
779 380 853 419 apud
879 381 1140 423 Wstmonasterium
1156 404 1166 420 ,
1191 390 1271 411 nono
1292 379 1350 411 Die

311 429 432 450 ianuaru-

322 494 489 525 Willielrnus
506 498 582 525 Lute
601 496 749 535 Clericus,
771 497 805 528 A.
825 497 871 528 Μ.
889 507 1005 529 necnon
1021 496 1189 534 Capelianus
1210 495 1350 534 prenobi-

282 535 314 564 lis
329 534 388 564 Viri
403 533 538 574 Francisci
552 534 680 566 Comitis
695 536 897 575 Westmorland
908 547 938 567 ut
950 546 1003 567 una
1013 535 1205 566 curnVicaria
1215 543 1349 572 perpetua

282 572 409 604 Ecclefie
429 573 602 604 Parochialis
618 575 653 604 de
668 574 871 614 Ravensthorpe
893 574 1010 605 Dioces’
1026 573 1228 611 Petriburgens'
1249 574 1347 611 (quam

281 613 343 649 jam
357 612 481 648 obtinet)
504 612 646 642 Vicariam
663 623 828 650 perpetuam
843 613 968 644 Ecclesie
990 613 1160 643 Parochialis
1183 613 1218 642 de
1237 611 1346 641 Gilsbo-

281 649 367 686 rough
382 649 506 688 ejufflem
521 650 643 682 Dioces’
660 651 765 689 (modo
779 662 837 681 non
859 651 939 681 distet
952 662 967 681 a
976 651 1062 689 priori
1071 651 1138 681 ultra
1150 650 1209 680 duo
1218 649 1346 686 Milliar')

280 690 408 727 recipere
425 687 524 726 poffit,
542 690 576 720 ὅτ.
593 690 686 728 quoad
702 691 802 721 vixerit
818 691 944 720 retinere.
966 689 1034 720 Dat'
1049 690 1205 720 undecimo
1218 688 1277 720 Die
1291 691 1346 726 Ja-

280 730 392 797 ''f'mrisi'
411 727 500 772 Anno
509 727 644 797 Bomigi
654 729 800 772 millesimo
816 728 1018 759 sexcentesimo
1032 727 1169 759 vicesimo
1185 728 1344 766 quinro‚&

282 775 524 883 Dganafitsffirsiq.
536 776 855 845 nssesteecffecgglua'pliig
863 804 1118 844 »westmonasterium
1130 827 1141 843 ,
1165 803 1348 835 duodecimo

317 853 344 874 le
385 854 508 874 anuarn.

315 918 455 950 cornelius
477 923 580 958 Burges
601 920 747 958 Clericus,
766 921 802 952 A.
826 917 872 950 M.
894 930 1010 952 necnon
1033 920 1194 951 serenissimi
1215 919 1344 950 Domini

279 957 371 995 Regis
384 969 418 989 ex
434 958 591 996 Capelianis
608 959 753 997 Ordinsr',
773 968 803 990 ut
818 970 871 989 una
885 970 954 989 cum
966 960 1074 990 Vicaria
1091 969 1223 997 perpetua
1240 958 1345 989 Eccle-

280 997 318 1027 sie
337 998 507 1028 Parochialis
528 999 564 1028 de
588 999 676 1039 lVatf.
686 999 722 1027 rd
738 998 856 1028 Dioces’
876 998 999 1027 London'
1016 1003 1115 1036 (quam
1131 1007 1189 1035 jam
1214 998 1338 1034 obtinet)

278 1035 447 1066 Restoriam
464 1036 588 1066 Ecclesie
604 1037 777 1067 parochialis
793 1038 888 1066 Sanffi
902 1040 1001 1073 Magni
1021 1036 1153 1076 Martyris
1166 1036 1237 1066 infra
1259 1036 1341 1066 Civi-

278 1074 326 1105 tat’
341 1075 374 1106 ὃς
393 1074 510 1104 Dioces'
528 1075 644 1106 Londan’
660 1074 777 1113 predie‘c'
798 1075 902 1113 (modo
910 1085 969 1105 non
979 1074 1082 1105 disteta
1094 1075 1203 1106 Vicaria
1213 1074 1341 1112 praediet'

276 1113 352 1150 juxta
368 1122 560 1143 communem
582 1113 791 1144 estimitionein
812 1114 882 1143 ultra
898 1113 1038 1144 sexdecim
1061 1113 1188 1150 Miliiar')
1215 1115 1340 1150 recipere

277 1151 365 1189 poffit
375 1174 384 1189 ,
402 1153 434 1181 &
451 1152 543 1188 quoad
554 1153 654 1182 vixerit
667 1154 793 1182 retinere.
823 1151 889 1182 Dat’
903 1152 1020 1182 decimo
1036 1156 1112 1183 iexro
1128 1152 1185 1182 Die
1198 1153 1343 1190 Januarii,

275 1190 367 1220 Anno
386 1189 508 1219 Domini
519 1190 667 1221 millesimo
683 1190 885 1220 sexcentesimo
901 1191 1038 1222 vicelimo
1053 1192 1170 1229 quinto,
1188 1191 1222 1222 δε
1233 1191 1338 1221 Trans-

276 1228 389 1258 lationis
413 1228 503 1258 Anno
524 1230 640 1259 decimo
654 1231 765 1267 quinto.

315 1265 518 1297 Confirmatio,
552 1267 640 1299 Teste
658 1269 740 1307 Rege
753 1267 826 1305 apud
845 1273 866 1295 14
875 1266 1097 1308 estmonasterium
1113 1289 1123 1305 ,
1148 1267 1265 1298 decimo
1280 1267 1339 1305 sep-

277 1306 352 1335 timo
367 1304 426 1334 Die
441 1304 588 1343 Januarn'.

312 1380 468 1420 Fransifius
484 1382 601 1411 Matkin
622 1381 766 1421 Clericus,
787 1382 850 1412 LL.
868 1382 899 1413 Β,
916 1391 946 1414 ut
960 1394 1013 1414 una
1031 1393 1100 1414 cum
1112 1382 1224 1414 Vicaria
1241 1392 1342 1421 perpe-

276 1427 323 1452 tua
340 1420 466 1450 Ecclesie
483 1419 652 1451 parochialis
672 1422 707 1451 de
723 1422 861 1451 Andovaer
878 1422 995 1453 Dioces’
1014 1422 1140 1451 ll'inton’
1161 1424 1258 1461 (quam
1283 1423 1336 1457 iam

275 1459 398 1494 obtinet)
422 1457 589 1489 Recioriam
606 1459 730 1490 Ecclelie
746 1460 918 1490 parochialis
938 1462 973 1491 d:
988 1460 1098 1499 Estropp
1124 1461 1247 1499 ejusdem
1265 1459 1340 1490 Dio-

274 1497 330 1528 ces'
349 1498 452 1533 (modo
467 1507 525 1527 non
540 1497 625 1529 distet
639 1509 653 1528 a
672 1499 782 1528 Vicarii
797 1499 915 1535 preuift'
939 1500 1007 1530 ultra
1029 1500 1130 1536 v-g'inti
1150 1498 1276 1535 Milliar')
1298 1509 1340 1529 re-

274 1537 369 1572 cipere
387 1535 489 1573 polsit,
508 1537 541 1567 &
554 1537 648 1574 quoad
666 1537 765 1567 vixerit
788 1538 915 1567 retinere.
955 1537 1024 1567 Dat'
1039 1539 1132 1576 primo
1156 1537 1215 1568 Die
1234 1536 1342 1568 Mensis

274 1573 443 1612 Decembris,
470 1578 556 1605 Anno
572 1575 696 1605 Domini
713 1575 864 1605 millefimo
882 1575 1084 1607 sexcentesimo
1099 1576 1237 1607 vicesimo
1254 1577 1340 1614 quin-

275 1622 325 1650 te,
344 1612 377 1643 &
392 1612 598 1643 Transsationis
614 1614 702 1644 Anno
714 1613 830 1644 decimo
845 1616 956 1652 quinto.

310 1650 514 1728 Cssnfi-eratio.
537 1651 626 1684 Teste
640 1652 721 1693 Rege
737 1652 810 1690 apud
828 1652 1101 1694 Wistmonasterium,
1119 1653 1237 1684 decimo
1258 1662 1343 1693 quar-

275 1697 308 1721 to
363 1699 387 1720 ie
429 1693 550 1721 anuarii.

309 1766 468 1807 Franciftus
479 1771 564 1809 Sayer
582 1767 729 1806 Clericus,
750 1768 786 1799 A.
805 1768 850 1799 M.
867 1779 982 1800 necnon
997 1768 1166 1807 Capelianus
1176 1769 1343 1801 Reverendi

274 1807 306 1837 in
322 1805 443 1837 Chriito
454 1806 542 1838 Patris
556 1808 589 1838 &
607 1807 767 1839 Confratris
784 1808 875 1838 nostri
892 1807 1021 1847 Goaffridi
1036 1807 1179 1847 Gloucestr'
1192 1809 1345 1847 Episcopi,

274 1853 306 1875 ut
324 1855 449 1876 unacum
467 1845 604 1876 Reri‘toria
620 1846 746 1877 Eccleiie
763 1847 938 1877 parochialis
952 1848 987 1878 de
1003 1848 1154 1877 Tattenden
1164 1847 1339 1879 Dioces'Sa-

273 1894 334 1913 rum
351 1887 449 1922 (quarn
458 1885 519 1922 jam
533 1886 656 1920 obrinet)
677 1885 846 1915 Recioriam
865 1885 992 1916 Ecclesie
1009 1885 1178 1916 Paroch:alis
1188 1886 1224 1916 de
1238 1886 1344 1916 Milton

272 1921 396 1961 ejusdem
414 1922 533 1953 Dioces'
552 1924 657 1959 (modo
672 1933 730 1952 non
744 1923 827 1954 distet
839 1935 854 1955 a
870 1925 957 1961 priori
970 1924 1038 1955 ultra
1050 1924 1205 1955 duodecim
1217 1924 1343 1959 Milliar')

272 1962 399 1998 recipere
408 1961 510 1999 poffit,
526 1962 662 1998 &quoad
680 1963 780 1993 vixerit
796 1964 923 1994 retinere.
945 1962 1014 1994 Dat'
1030 1963 1169 1993 vicefimo
1176 1964 1278 2002 quinto
1288 1963 1346 1994 Die

270 2000 412 2038 Januarii
422 2022 431 2036 ,
452 2000 541 2030 Anno
557 2000 682 2031 Domini
697 2001 846 2031 millelimo
862 2001 1066 2032 sexcentesimo
1081 2002 1218 2032 vicesimo
1233 2003 1346 2042 quinto,

272 2040 305 2070 ὃ(
326 2037 530 2068 Transi-ationis
545 2040 632 2069 Anno
649 2040 766 2068 decimo
780 2041 890 2077 quinto.

313 2076 514 2147 (finiifirmatio.
551 2077 641 2109 Teste
656 2077 738 2117 Rege
755 2078 828 2117 apud
848 2076 1119 2118 Welbnonasterium,
1137 2077 1274 2110 vicesimo
1286 2079 1343 2111 sex-

272 2123 306 2146 to
354 2126 381 2146 ie
396 2117 541 2154 januarii.

310 2193 466 2222 Edvardus
480 2195 558 2233 Hyde
573 2193 721 2232 Clericus,
738 2194 766 2225 S.
783 2195 821 2226 T.
839 2194 870 2226 Β.
886 2204 916 2227 ut
930 2205 1054 2226 unacum
1070 2195 1210 2227 Ree'toria
1221 2195 1344 2228 Ecclesie

273 2229 445 2262 parochialis
460 2231 495 2262 de
511 2232 652 2272 Bofiombe
669 2233 788 2264 Dioces’
804 2238 900 2264 Sarum
918 2236 1016 2272 (quain
1033 2239 1047 2251 ⁸*
1060 2236 1122 2273 jam
1136 2235 1259 2272 obtinet)
1281 2235 1344 2265 Re-

272 2269 394 2301 <storiam
414 2270 540 2301 Ecclel'ie
559 2272 730 2303 parochialis
747 2273 783 2302 de
798 2272 941 2311 Grymsted
957 2273 1081 2310 ejusdem
1100 2273 1217 2303 Dioces’
1238 2273 1343 2311 (modo

272 2318 331 2338 non
347 2308 427 2339 distet
440 2319 454 2338 a
464 2310 549 2346 priori
568 2310 637 2341 ultra
650 2312 720 2340 oiito
731 2310 860 2347 Mihin-'y
878 2313 1003 2349 recipere
1018 2311 1118 2349 possit,
1135 2313 1167 2344 &
1192 2313 1284 2349 quoad
1299 2314 1343 2342 vi-

272 2348 342 2378 xerit
357 2350 481 2378 retinere.
500 2347 573 2389 Dat'
587 2351 724 2379 vicennio
737 2349 858 2387 septimo
882 2350 940 2380 Die
954 2349 1062 2380 Mensis
1077 2350 1231 2388 Januarii,
1254 2352 1341 2381 Anno

271 2384 397 2416 Domini
413 2387 563 2417 niilleiizno
580 2387 782 2419 sexcentezimo
798 2388 934 2419 vicesimo
949 2390 1050 2426 quinto
1061 2411 1070 2426 ,
1088 2392 1120 2420 &
1137 2388 1340 2420 Tranilarionis

271 2423 361 2454 Anno
375 2425 490 2454 decimo
502 2427 612 2465 quinto,

308 2462 511 2493 Confirmatio.
550 2464 642 2496 Teste
657 2465 740 2504 Rege
753 2464 827 2503 apud
846 2463 1119 2504 Weslmonasterium,
1137 2464 1254 2497 decimo
1275 2467 1338 2506 sep-

269 2501 344 2531 timo
358 2501 415 2532 Die
426 2501 573 2539 Januarii.

304 2569 451 2608 Johannes
466 2574 559 2602 Baker
571 2572 716 2610 Clericus,
735 2572 764 2602 S.
779 2573 821 2602 T.
839 2572 870 2602 B.
888 2580 918 2603 ut
935 2583 987 2603 una
1000 2583 1067 2603 cum
1076 2572 1188 2604 Vicaria
1204 2584 1336 2612 perpetua

270 2607 398 2652 Eccleiie
415 2610 583 2641 parochialis
596 2612 632 2641 de
646 2610 783 2649 nse-head
795 2610 960 2648 Magdalene
983 2611 1101 2642 Dioces'
1117 2612 1222 2651 Bristol
1236 2615 1334 2650 (quem

268 2656 325 2685 jam
343 2649 468 2685 obtinet)
490 2649 659 2680 Reemriam
684 2650 809 2680 Eccieiie
826 2650 994 2679 parochialis
1007 2651 1042 2679 de
1057 2650 1218 2680 Buckhorne
1233 2656 1278 2680 We
1301 2663 1335 2682 on

268 2686 392 2723 ejusdem
405 2686 532 2724 Dioces')
554 2690 645 2717 modo
661 2699 719 2717 non
739 2688 820 2717 distet
834 2699 848 2718 a
866 2688 973 2718 Vicarii
984 2688 1110 2725 paaediet'
1120 2690 1189 2719 ultra
1204 2690 1252 2719 tria
1264 2690 1333 2720 Mil-

266 2725 336 2761 liar’)
357 2726 482 2763 recipere
497 2726 597 2764 possit,
617 2728 649 2758 δε
667 2726 758 2764 quoad
777 2727 873 2756 vixerit
897 2728 1025 2757 retinere.
1064 2725 1134 2757 Dat'
1149 2728 1282 2759 vicerimo
1298 2739 1334 2758 o-

267 2764 354 2794 &avo
370 2763 427 2793 Die
443 2764 550 2796 Meniis
564 2765 721 2803 Januarii,
732 2766 818 2796 Anno
830 2765 952 2795 Domini
967 2764 1118 2795 millesimo
1128 2765 1332 2797 sexcentesimo

266 2802 404 2833 vicesimo
420 2804 541 2842 quinto,
560 2805 592 2834 δε
608 2803 810 2834 Tranliationis
825 2803 914 2833 Anno
929 2804 1045 2833 decimo
1059 2805 1168 2841 quinto.

270 2840 512 2917 Βζζῗὲἧττηπιίο.
550 2842 639 2874 Teste
668 2842 748 2882 Rege
776 2842 850 2880 apud
878 2841 1135 2882 westmonasterium
1148 2865 1158 2881 ,
1186 2843 1331 2874 tricesimo

306 2889 331 2908 ie
374 2891 494 2910 anussrll.

302 2947 447 2985 Johannes
461 2949 598 2980 Prichard
611 2950 758 2987 Clericus,
779 2950 815 2980 A.
831 2949 874 2980 M.
889 2958 921 2980 ut
938 2959 989 2979 una
999 2959 1066 2980 cum
1077 2949 1212 2980 Redioria
1228 2949 1330 2984 Eccle-

268 2985 305 3017 fie
320 2986 493 3017 Parochiaiis
506 2988 542 3017 de
556 2989 725 3028 Killieayron
744 2988 860 3019 Dioces’
882 2989 1030 3018 Mene-ven'
1050 2990 1148 3025 (quarn
1174 2990 1229 3026 jam
1253 2991 1331 3021 obri-

267 3025 328 3058 net)
347 3025 487 3055 vicariam
505 3036 669 3064 perpetuam
686 3026 810 3057 Eccleiie
822 3027 989 3061 Parochialis
1005 3027 1041 3056 de
1055 3026 1251 3066 Llanfimfred
1262 3030 1332 3066 ejul—

266 3064 335 3094 dem
359 3063 477 3094 Dioces'
498 3065 600 3099 (modo
615 3076 674 3095 non
691 3065 775 3096 distet
791 3076 805 3095 a
824 3065 959 3095 Reetoria
976 3065 1103 3102 praediei’
1118 3066 1187 3096 ultra
1205 3067 1273 3104 quin
1296 3078 1331 3098 ue

267 3101 399 3135 Milliar')
415 3103 540 3140 recipere
550 3103 684 3142 poffit‚&
694 3103 789 3140 quoad
798 3105 897 3133 vixerit
906 3105 1031 3134 retinere.
1045 3103 1111 3133 Dat'
1120 3104 1262 3135 tricefimo
1306 3107 1331 3136 ie

267 3140 377 3170 Mensis
390 3140 544 3180 Januarir',
563 3141 652 3172 Anno
670 3142 794 3172 Domini
811 3142 961 3172 millesimo
979 3141 1182 3172 sexcentelimo
1196 3144 1331 3174 viceiimo

266 3180 386 3217 quinto,
404 3180 438 3210 δε
453 3179 658 3210 Tranllationis
676 3180 762 3209 Anno
774 3181 891 3210 decimo
906 3182 1014 3216 quinrO.

268 3253 298 3293 J
311 3217 513 3249 Confirmatio.
533 3218 625 3249 Teste
640 3218 722 3258 Rege
736 3219 810 3256 apud
827 3217 1100 3257 Westmonasterium,
1120 3218 1262 3250 tricefimo
1272 3219 1330 3251 Die

292 3267 415 3287 armarit.

305 3327 432 3361 Georgius
446 3330 521 3357 Bate
535 3326 680 3364 Clericus,
699 3326 728 3357 S.
742 3326 782 3355 T.
800 3325 829 3356 Β.
848 3334 878 3356 ut
899 3335 951 3355 una
966 3335 1036 3356 cum
1054 3325 1190 3356 Redioria
1202 3325 1327 3358 Ecclefie

268 3363 444 3395 Parochialis
459 3371 495 3396 de
506 3370 636 3397 Moreton
645 3367 708 3396 alias
723 3366 817 3394 Maids
828 3369 955 3394 Moreton
966 3364 1212 3395 Dioces'Lt'ncoln'
1229 3369 1327 3403 (quam

264 3403 325 3440 jam
341 3404 462 3434 obtinen
482 3406 646 3436 Reetoriam
662 3403 787 3434 Eccleue
804 3404 972 3433 parochialis
988 3404 1023 3432 de
1046 3403 1246 3442 Lekehamsted
1264 3404 1328 3433 alias

267 3441 464 3479 Lechamsteed
473 3444 597 3481 ejusdem
613 3443 732 3474 Dioces'
748 3442 852 3477 (modo
868 3451 926 3470 non
942 3441 1026 3471 distet
1042 3452 1055 3470 a
1071 3443 1155 3477 priori
1171 3443 1241 3471 ultra
1255 3442 1328 3471 duo-

269 3481 364 3510 decim
381 3481 497 3510 Millisr’
514 3483 558 3512 vel
571 3493 607 3512 eo
624 3483 744 3515 circiier)
765 3480 886 3516 recipere
901 3479 999 3515 poffir,
1017 3480 1049 3509 ὅ(
1067 3479 1159 3519 quoad
1171 3480 1267 3510 vixerit
1284 3491 1328 3510 re-

269 3519 367 3548 tinere.
408 3519 474 3549 Dat’
490 3523 574 3550 terrio
592 3521 648 3551 Die
665 3519 772 3550 Mensis
786 3518 944 3554 Februarii,
966 3518 1054 3547 Anno
1072 3518 1193 3547 Domini
1216 3518 1328 3548 milleri-

271 3565 322 3584 mo
337 3557 538 3590 sexcentesimo
553 3560 689 3589 vice.imo
707 3559 807 3596 quinto
817 3556 1078 3593 ,&Tr³nllationis
1092 3556 1206 3586 decimo
1216 3558 1327 3593 quinto.

267 3633 291 3660 F
305 3595 512 3660 [Confirmatio.
551 3598 572 3627 'I
581 3597 639 3628 este
668 3597 750 3635 Rege
771 3595 842 3634 apud
859 3593 1129 3634 westmonasterium,
1147 3603 1248 3634 quarto
1269 3595 1327 3627 Die

290 3644 302 3660 ε’
322 3644 416 3664 ruarn.

305 3701 455 3731 Edzvara'us
468 3705 561 3732 Heron
575 3703 721 3741 Clericus,
740 3702 770 3733 S.
791 3702 831 3732 T.
853 3701 884 3732 B.
905 3709 936 3731 ut
954 3709 1007 3730 una
1024 3709 1094 3729 cum
1110 3699 1247 3731 Redioria
1265 3701 1324 3733 Ec—

269 3738 349 3767 clesie
367 3739 536 3771 Parochiais
555 3743 589 3771 de
608 3743 701 3780 Coston
724 3740 841 3772 Dioces'
864 3739 991 3771 Lincoln’
1007 3748 1104 3775 {quam
1125 3740 1180 3775 jam
1198 3740 1323 3774 obtinet)

268 3775 436 3807 Rectoriam
451 3778 575 3810 Ecclesie
598 3781 768 3811 Parocliialis
783 3782 819 3809 dc
840 3779 932 3812 Saxby
945 3776 1064 3814 ejusdem
1081 3776 1198 3807 Dioces’
1217 3779 1321 3813 (modo

269 3823 327 3844 non
343 3814 424 3844 distet
437 3826 452 3844 a
471 3819 553 3853 priori
569 3819 638 3849 ultra
655 3829 775 3857 quatuor
789 3817 911 3852 Milliar')
929 3816 1053 3853 recipere
1068 3815 1168 3853 poffit,
1186 3816 1320 3853 &quoad

269 3853 368 3881 vixerit
382 3855 508 3884 retinere.
546 3855 613 3886 Dat'
628 3857 705 3886 seXto
721 3857 779 3887 Die
794 3855 900 3886 Menlis
914 3854 1071 3889 Februarii,
1091 3853 1180 3884 Anno
1197 3853 1320 3885 Domini

269 3890 420 3934 millesimo
439 3891 635 3924 sexcentesimo
651 3896 786 3925 vicesimo
800 3892 1262 3933 quinto,&TraussationisAnno
1271 3894 1322 3925 de-

266 3937 345 3958 cimo
360 3937 469 3965 quium.

256 4010 280 4038 F
293 3965 508 4034 bConrJirmatio.
543 3967 632 4000 Teste
651 3969 733 4010 Rege
749 3970 822 4008 apud
837 3967 1114 4011 Wflmonasterium,
1130 3968 1250 4007 sepiimo
1263 3970 1321 4002 Die

280 4018 291 4034 ι’
310 4015 404 4035 Tuas„-

761 54 1573 117 CONVENTIONES,
1633 59 2026 117 LITERAE,

1419 145 1560 191 'Robertus
1578 148 1670 190 castel
1682 149 1829 190 Clericus,
1848 151 1884 183 A.
1903 151 1950 182 M.
1970 161 2087 183 necnon
2108 150 2279 190 Capelianus
2299 154 2456 192 prenobilis

1387 184 1449 230 Viri
1459 188 1576 218 Henrici
1591 191 1731 227 Momagu
1747 191 1871 222 Comitis
1880 189 2062 259 Mamessrie,
2080 191 2141 222 &c.
2157 199 2188 222 ut
2199 201 2253 222 una
2262 202 2332 224 curn
2341 192 2454 224 Recto-

1388 234 1426 255 ria
1442 223 1570 269 Ecciefie
1586 227 1756 259 parochialis
1775 230 1811 260 de
1833 229 1953 260 Glatton
2014 229 2099 260 ioces'
2121 229 2250 260 Lincoln’
2269 235 2368 268 (quam
2387 232 2452 271 jam

1390 263 1513 307 Obssmet)
1537 265 1706 298 Restoriam
1735 268 1863 300 Ecclel'ie
1884 268 2055 299 Parochialis
2070 267 2105 299 de
2120 267 2307 307 Folkefworth
2331 270 2454 309 ejuidem

1388 301 1509 334 Dioces'
1529 305 1632 341 (modo
1647 315 1706 337 non
1721 306 1803 338 distet
1819 317 1834 337 a
1851 308 1938 345 priori
1953 307 2022 338 ultra
2040 306 2084 337 sex
2101 305 2227 342 Milliar')
2246 310 2372 346 recipere
2387 309 2453 347 pos-

1388 339 1439 378 fit,
1459 344 1491 374 &
1509 343 1602 381 quoad
1616 345 1715 375 vixerit
1732 346 1860 376 retinere.
1879 345 1947 376 Dat'
1962 346 2079 377 decimo
2096 344 2153 376 Die
2171 343 2279 375 Mensis
2291 347 2453 386 Februarii,

1388 378 1479 423 Anno
1494 381 1621 412 Domini
1636 383 1787 414 millesimo
1802 384 2006 416 sexcentesimo
2019 384 2158 416 vicesimo
2174 384 2454 422 quinto,&Trans-

1388 416 1502 449 lationis
1528 420 1615 451 Anno
1632 421 1748 452 decimo
1762 423 1875 461 quinto.

1388 455 1627 527 DCtzriibirmario.
1665 459 1754 492 Teste
1777 461 1863 499 Rege
1887 461 1961 501 apud
1983 460 2244 501 Wssmonasterium
2260 483 2271 499 ,
2295 459 2453 493 undecimo

1422 505 1447 527 le
1482 508 1496 526 θ’
1514 507 1614 528 'narn'

1421 572 1576 605 Richardus
1591 578 1731 614 Wigmore
1749 575 1897 616 Clericus,
1917 576 1953 607 A.
1971 573 2017 606 M.
2035 586 2150 607 necnon
2166 575 2335 614 Capelianus
2352 576 2451 609 Reve-

1387 613 1466 642 rendi
1483 614 1511 643 in
1526 613 1646 645 Christo
1663 614 1748 645 Patris
1764 617 1798 646 &
1822 615 1984 646 Confratris
2006 614 2096 645 nostri
2113 616 2243 645 Samuelis
2262 616 2452 657 Norwrcenfis

1385 648 1535 692 Episcopi,
1554 662 1584 684 ut
1599 663 1723 683 unacum
1742 653 1854 685 Vicaria
1868 662 2002 693 perpetua
2014 652 2142 684 Ecclefie
2156 653 2327 685 Parochialis
2340 655 2376 686 de
2384 658 2451 685 Sut-

1383 694 1432 732 ton¹
1446 689 1567 722 Dioces'
1581 691 1673 722 Elien'
1690 702 1779 731 quam
1791 693 1851 730 jam
1874 693 1997 726 obtinet)
2018 690 2190 722 Recioriam
2211 691 2338 724 Ecclesie
2359 694 2450 724 Paro-

1385 727 1484 758 chiaiis
1497 729 1533 760 de
1547 730 1671 769 Meepall
1683 731 1808 770 ejusdem
1827 731 1947 762 Dioces'
1968 731 2072 768 (modo
2088 740 2148 761 non
2163 729 2247 760 distet
2263 741 2278 760 a
2293 732 2381 769 priori
2405 733 2448 762 ul·

1384 772 1425 795 tra
1439 767 1490 809 iria
1505 767 1634 803 Milliar')
1654 771 1777 809 recipere
1792 769 1895 808 poffit,
1912 771 1946 801 ὅ(
1970 769 2064 808 quoad
2089 769 2189 799 vixerit
2212 769 2340 800 retinere.
2378 769 2449 802 Dat'

1383 802 1502 835 decimo
1517 807 1600 837 tertio
1616 807 1673 838 Die
1691 808 1800 839 Mensis
1812 809 1976 846 Februarii,
1996 809 2082 838 Anno
2092 807 2218 839 Domini
2228 807 2381 838 milleiimo
2388 809 2448 840 sex-

1383 843 1539 886 centesimo
1554 845 1691 876 vicesimo
1705 847 1825 885 quinto,
1845 849 1879 878 &
1894 846 2100 878 Transsationis
2111 847 2198 877 Anno
2213 846 2448 885 decimoquinto.

1401 919 1406 923 -
1421 880 1627 950 Clpribnrmatio.
1661 883 1752 916 Teste
1767 886 1850 925 Rege
1864 886 1939 924 apud
1954 885 2233 925 westmonasterium,
2250 884 2371 917 decimo
2392 895 2449 917 ter·-

1386 927 1428 950 tlo
1467 932 1480 949 e
1499 924 1595 952 ruarii.

1416 997 1533 1029 Thomas
1547 998 1704 1039 Haddlesay
1719 999 1867 1038 Clericus,
1887 1000 1922 1031 A.
1949 999 1995 1032 M.
2014 1011 2131 1034 necnon
2149 999 2319 1040 Capelianus
2338 1001 2446 1033 Hono-

1381 1038 1460 1066 randi
1479 1037 1537 1068 Viri
1555 1039 1689 1069 Edvardi
1707 1039 1830 1070 Domini
1847 1038 1976 1078 Dudlq,
1994 1048 2024 1070 ut
2042 1050 2174 1071 unacum
2183 1040 2296 1071 Vicaria
2311 1049 2445 1079 perpetua

1379 1073 1506 1118 Eccleiie
1524 1076 1697 1108 Parochialis
1712 1078 1748 1109 de
1770 1077 1878 1115 Kirkby
1893 1077 2071 1109 Grindalithe
2096 1078 2214 1110 Dioces’
2235 1079 2320 1109 Ebor’
2341 1082 2443 1118 (quarn

1376 1122 1437 1150 Jam
1452 1116 1576 1148 obtinet)
1595 1116 1762 1147 Reftoriam
1779 1116 1906 1148 Ecclesie
1915 1116 2087 1147 Parochialis
2098 1117 2134 1148 de
2141 1117 2243 1156 Thorpe
2253 1117 2363 1157 Baffi’tt
2372 1119 2444 1157 ejus-

1379 1152 1447 1181 dem
1462 1153 1578 1185 Dioces'
1597 1155 1701 1188 (modo
1723 1166 1782 1186 non
1807 1154 1890 1186 distet
1912 1165 1928 1185 a
1952 1154 2066 1186 Vicaria
2087 1155 2213 1192 predieia
2231 1156 2303 1187 ultra
2325 1166 2446 1195 quatuor

1382 1189 1496 1234 Milliar'
1516 1195 1637 1230 recipere
1652 1193 1756 1233 possit,
1778 1194 1812 1224 &
1834 1193 1928 1231 quoad
1948 1194 2049 1224 vixerit
2072 1194 2201 1224 retinere.
2239 1194 2312 1225 Dat'
2326 1197 2445 1227 decimo

1381 1238 1482 1266 qumto
1497 1230 1556 1261 Die
1569 1233 1725 1269 Februarii,
1744 1232 1832 1262 Anno
1849 1231 1975 1263 Domini
1989 1231 2140 1263 millesimo
2153 1231 2355 1264 sexcentesimo
2364 1236 2444 1266 viee-

1381 1269 1454 1298 fimo
1470 1272 1571 1307 quinto
1581 1293 1590 1307 ,
1605 1271 1638 1301 &
1652 1270 1857 1302 Transsationis
1874 1270 1989 1302 decimo
2002 1272 2114 1307 quinto.

1381 1305 1622 1376 DCcirjermatio.
1659 1309 1750 1341 Teste
1765 1308 1847 1350 Rege
1862 1310 1936 1348 apud
1953 1308 2226 1349 Westmonasterium,
2240 1308 2356 1341 decimo
2367 1309 2446 1343 iexto

1414 1354 1441 1375 ie
1479 1358 1491 1376 e
1511 1351 1606 1378 ruarii.

1416 1422 1436 1441 *
1452 1421 1582 1462 Grifflnus
1595 1427 1682 1463 Higgs
1696 1423 1841 1464 Clericus,
1859 1424 1890 1456 S.
1903 1424 1945 1456 T.
1961 1423 1993 1456 B.
2011 1433 2042 1457 ut
2059 1434 2182 1456 unneum
2206 1424 2362 1457 Medietate
2381 1425 2445 1457 Re-

1378 1460 1469 1492 &orie
1483 1462 1608 1495 Ecclesie
1624 1464 1793 1495 parochialis
1807 1464 1842 1494 de
1858 1462 2021 1503 Gamlingay
2035 1464 2155 1495 Dioces’
2169 1463 2262 1494 Elien'
2277 1469 2284 1493 (
2288 1474 2376 1503 quam
2381 1465 2443 1504 jam

1379 1500 1502 1535 obtinet>
1521 1503 1661 1533 vicariam
1677 1511 1842 1541 perpetuam
1860 1502 1987 1533 Eccielie
2010 1503 2183 1534 Parochialis
2204 1502 2240 1532 de
2260 1503 2443 1541 Doddington

1378 1538 1413 1568 al'
1426 1540 1599 1578 Dida'ington
1614 1541 1732 1571 Dioces’
1744 1541 1869 1571 Lincoln'
1889 1542 1992 1576 (modo
2008 1551 2068 1571 non
2082 1541 2165 1572 distet
2175 1551 2190 1571 a
2203 1539 2361 1573 Medietate
2376 1552 2442 1580 pre-

1378 1577 1453 1607 dicta
1470 1579 1540 1610 ultra
1555 1589 1662 1610 novem
1679 1579 1808 1612 Ixsliliiaifl)
1827 1580 1952 1617 recipere
1973 1579 2073 1617 poffit,
2092 1581 2125 1611 ὅ(
2165 1580 2239 1610 uoad
2259 1581 2359 1611 vixerit
2376 1582 2444 1611 reti—

1383 1626 1459 1646 ncre.
1496 1616 1567 1649 Dat’
1581 1618 1696 1648 decimo
1711 1619 1788 1649 sexto
1804 1617 1861 1649 Die
1875 1618 2034 1656 Februarii,
2055 1618 2143 1649 Anno
2188 1619 2280 1648 omini
2294 1619 2445 1650 millesimo

1379 1654 1583 1686 sexcentesimo
1593 1657 1730 1687 vicesimo
1740 1657 1839 1695 quinto
1848 1680 1857 1694 ,
1865 1656 2107 1688 &Transsationis
2116 1658 2201 1687 Anno
2208 1657 2323 1687 decimo
2330 1659 2444 1696 quinto.

1417 1693 1620 1763 Cssnfirmbatio.
1656 1695 1746 1728 Teste
1772 1695 1855 1735 Rege
1867 1694 1944 1734 apud
1960 1694 2218 1736 Wstmonasteraam
2227 1718 2239 1733 ,
2254 1696 2371 1728 decimo
2385 1697 2446 1728 sex-

1383 1740 1417 1763 to
1467 1743 1491 1764 ie
1505 1737 1541 1763 Fe
1561 1737 1656 1764 ruarii.

1420 1810 1568 1848 Johannes
1576 1810 1747 1842 Freemantle
1766 1811 1913 1850 Clericus,
1933 1810 1981 1843 M.
1996 1811 2034 1843 A.
2053 1820 2170 1844 necnon
2184 1821 2256 1843 unus
2271 1811 2445 1852 Capeliano-

1383 1859 1448 1880 rum
1467 1849 1593 1881 Domini
1612 1851 1698 1890 Regis
1711 1852 1997 1882 extraordinariorum
2007 1874 2015 1888 ,
2033 1860 2065 1882 ut
2078 1860 2133 1881 una
2141 1860 2211 1881 cum
2218 1850 2329 1882 Vicaria
2344 1860 2444 1889 perpe-

1380 1897 1429 1919 tua
1446 1888 1573 1920 Ecclefie
1588 1888 1760 1920 parochialis
1775 1891 1811 1921 de
1826 1889 1962 1921 Bucknell
1977 1889 2095 1920 Dioces'
2110 1888 2253 1930 Hereford
2267 1893 2365 1929 (quam
2382 1892 2445 1928 jam

1382 1928 1509 1963 obtinet)
1527 1928 1699 1959 Re&oriam
1714 1928 1840 1960 Ecclesie
1860 1928 2034 1960 Parochialis
2052 1927 2090 1960 de
2112 1931 2279 1966 Monington
2300 1927 2382 1968 super
2399 1933 2446 1970 W]

1382 1966 1505 2003 ejusdem
1521 1966 1641 1998 Dioces'
1654 1967 1762 2000 (modo
1777 1977 1836 1998 non
1850 1967 1935 1998 distet
1951 1977 1966 1998 a
1976 1967 2086 1998 Vicaria
2100 1966 2224 2006 predista
2238 1967 2310 1998 ultra
2324 1967 2447 1998 octode-

1383 2005 1444 2035 cim
1460 2004 1575 2035 Milliar'
1590 2005 1633 2036 vel
1650 2015 1687 2035 eo
1702 2007 1826 2041 circiter)
1844 2008 1970 2044 recipere
1984 2005 2084 2043 poffit,
2101 2006 2135 2038 &
2157 2005 2251 2044 quoad
2266 2007 2365 2037 vixerit
2379 2007 2446 2037 reti·

1382 2053 1459 2074 nere.
1497 2043 1565 2075 Dat'
1578 2043 1696 2075 decimo
1709 2045 1817 2076 οᾶανο
1833 2043 1893 2075 Die
1913 2043 2021 2075 Mensis
2038 2045 2195 2082 Februarii,
2215 2043 2304 2075 Anno
2316 2043 2445 2076 Domini

1383 2081 1534 2113 millefimo
1556 2082 1759 2114 sexcentesimo
1774 2083 1912 2115 vicefimo
1930 2084 2052 2123 quinto,
2075 2083 2108 2114 ὃς
2127 2081 2329 2115 Transsationis
2353 2083 2446 2116 Anno

1381 2120 1500 2152 decimo
1513 2123 1623 2161 quinto.

1382 2159 1618 2229 DCanfibrrnatio.
1653 2159 1745 2192 Teste
1761 2159 1844 2200 Rege
1867 2160 1941 2199 apud
1967 2159 2165 2201 Westmonast’,
2186 2160 2326 2193 vicefimo
2346 2162 2444 2201 primo

1417 2208 1443 2229 le
1480 2211 1494 2228 e
1513 2209 1611 2230 ruam}-

1415 2275 1530 2308 Thomas
1542 2276 1630 2309 Paske
1645 2276 1789 2316 Clericus,
1808 2278 1838 2309 S.
1851 2277 1893 2309 T.
1911 2277 1946 2309 P.
1961 2284 1992 2308 ut
2007 2287 2061 2308 una
2075 2287 2145 2308 cum
2161 2276 2301 2309 Redioria
2313 2276 2441 2308 Ecclesie

1380 2313 1550 2347 Parochialis
1562 2321 1651 2347 Beate
1668 2320 1762 2346 Marie
1778 2316 1945 2355 magdalene
1965 2315 2146 2355 BermondsEy
2166 2316 2288 2347 Dioces'
2305 2314 2440 2346 Winton'

1379 2361 1477 2392 (quam
1486 2356 1540 2392 jam
1549 2355 1672 2393 obtinet)
1684 2355 1853 2392 Re&oriam
1870 2354 1995 2385 Ecclesie
2000 2354 2172 2386 Parochialis
2185 2354 2220 2384 de
2227 2352 2362 2383 Hadham
2371 2356 2440 2383 Ma-

1373 2403 1431 2429 gna
1447 2403 1515 2424 cum
1533 2394 1631 2424 annex'
1648 2394 1766 2431 Capella
1777 2394 1812 2425 de
1827 2393 1958 2423 Hadham
1972 2395 2072 2423 Parva
2090 2391 2209 2423 Dioces'
2223 2391 2349 2422 London'
2370 2393 2439 2430 (que

1377 2441 1437 2461 non
1452 2432 1532 2463 distat
1551 2443 1565 2463 a
1581 2434 1668 2470 priori
1685 2433 1752 2463 ultra
1769 2433 1868 2470 viginti
1886 2433 1919 2462 δε
1937 2433 2064 2470 quinque
2079 2429 2206 2465 Milliar’)
2227 2431 2352 2474 recipere
2372 2431 2439 2468 pos-

1377 2470 1410 2500 sit
1420 2493 1428 2508 ‚
1444 2470 1476 2500 δε
1495 2473 1588 2509 quoad
1605 2471 1702 2501 vixerit
1717 2471 1843 2501 retinere.
1869 2469 1938 2501 Dat’
1954 2469 2091 2500 vicesimo
2107 2467 2231 2499 secundo
2247 2468 2305 2499 Die
2320 2469 2440 2500 Februa-

1381 2512 1406 2537 ri
1416 2510 1595 2576 ‚dniilleiimo
1605 2509 1808 2553 ,sexcentesimo
1822 2507 1958 2539 vicesimo
1972 2508 2074 2545 quinto
2083 2530 2093 2544 ,
2111 2507 2145 2538 &
2160 2505 2364 2538 Transsationis
2375 2508 2440 2539 An·-

1377 2557 1396 2577 n
1486 2558 1492 2577 i
1516 2558 1547 2577 io
1585 2557 1673 2577 uinro.

1398 2558 1612 2616 oCriiifirrImasio.
1648 2583 1737 2616 Teste
1746 2583 1831 2624 Rege
1843 2583 1919 2623 apud
1935 2582 2211 2623 VVestmonasterium,
2229 2583 2366 2616 vicefimo
2382 2593 2438 2617 tei·-

1374 2624 1415 2655 tio
1430 2624 1490 2655 Die
1502 2624 1657 2655 Februarii.

1408 2700 1557 2740 Johannes
1571 2700 1647 2742 Cofin
1664 2699 1811 2737 Clericus,
1829 2698 1858 2730 S.
1871 2699 1912 2731 T.
1929 2698 1962 2730 B.
1979 2708 2010 2730 ur
2024 2709 2079 2730 una
2095 2708 2164 2730 curn
2181 2698 2318 2742 Reeioria
2333 2699 2438 2731 Eccle-

1372 2738 1408 2768 fie
1424 2739 1592 2770 parochialis
1609 2740 1643 2770 de
1657 2738 1782 2768 Elwicke
1796 2739 1913 2769 Dioces’
1927 2736 2089 2769 Dunelmen’
2106 2739 2116 2775 (
2140 2747 2204 2768 uam
2235 2747 2282 2768 am
2304 2739 2431 2775 obtinet)

1372 2776 1540 2808 Recioriam
1566 2777 1692 2808 Ecclefie
1715 2777 1887 2808 parochialis
1909 2777 1944 2806 de
1966 2776 2123 2815 Brandspet
2166 2777 2211 2813 eju
2224 2776 2292 2806 dem
2314 2776 2435 2808 Dioces’

1373 2816 1477 2853 (modo
1491 2826 1552 2847 nori
1567 2815 1649 2847 distet
1666 2827 1681 2847 a
1698 2817 1784 2855 priori
1800 2815 1868 2846 ultra
1884 2814 2032 2846 tresdecim
2047 2814 2172 2849 Milliar')
2190 2815 2315 2852 recipere
2332 2815 2435 2856 poffit,

1371 2855 1405 2885 &
1419 2855 1512 2893 quoad
1531 2855 1629 2885 vixerit
1644 2854 1772 2884 retinere.
1810 2853 1880 2884 Dat'
1895 2853 2033 2884 vicefimo
2055 2853 2178 2891 septimo
2196 2852 2254 2883 Die
2273 2852 2435 2894 Februarii,

1373 2893 1523 2924 millefimo
1539 2892 1737 2924 sexcentesimo
1752 2891 1887 2923 vicefimo
1904 2892 2025 2930 quinto,
2043 2892 2076 2923 &
2099 2890 2302 2923 Transsationis
2316 2891 2435 2924 decimo

1372 2940 1610 3000 (jugg-firmatio.
1627 2968 1715 3000 Teste
1722 2967 1806 3009 Rege
1821 2968 1896 3007 apud
1912 2967 2186 3009 Wstmonasterium,
2204 2967 2343 3000 vicefimo
2354 2969 2436 3001 odia-

1371 3018 1411 3039 vo
1428 3007 1487 3038 Die
1502 3008 1652 3038 Februarii.

1407 3084 1561 3115 Edvardus
1577 3086 1736 3113 Davenant
1758 3082 1906 3121 Clericus,
1924 3083 1954 3114 S.
1977 3084 2017 3114 T.
2040 3083 2073 3115 B.
2091 3091 2124 3114 ut
2140 3093 2195 3114 una
2210 3092 2278 3114 cum
2293 3081 2433 3116 Rezstoria

1370 3122 1497 3153 Ecclefie
1514 3122 1685 3152 parochialis
1701 3122 1736 3152 de
1751 3121 1890 3159 Poullhott
1907 3122 2026 3153 Dioces'
2039 3122 2145 3153 Sarum’
2163 3125 2261 3159 (quam
2285 3122 2339 3152 'arn
2353 3123 2432 3154 obti-

1371 3165 1430 3191 net)
1451 3161 1592 3190 vicariam
1610 3169 1774 3198 perpetuam
1792 3160 1918 3192 Ecclefie
1933 3160 2108 3191 Parochialis
2124 3159 2160 3190 de
2172 3132 2340 3197 Gillingssam
2354 3160 2431 3191 Dio-

1371 3199 1428 3230 ces'
1442 3198 1567 3238 Bristoll'
1580 3199 1683 3230 (modo
1699 3209 1759 3229 non
1773 3199 1856 3230 distet
1869 3210 1885 3230 a
1899 3200 1984 3236 priori
2000 3200 2069 3229 ultra
2093 3199 2194 3237 viginti
2212 3199 2339 3234 Milliar’)
2357 3201 2430 3230 reci-

1369 3248 1436 3275 pere
1452 3237 1556 3276 poffir,
1576 3237 1610 3268 &
1625 3237 1719 3275 quoad
1734 3238 1833 3268 vixerit
1858 3238 1987 3269 retinete.
2028 3235 2095 3268 Dat’
2113 3238 2197 3268 tertio
2219 3237 2279 3268 Die
2304 3240 2428 3275 Martii,

1369 3276 1458 3306 Anno
1471 3275 1595 3306 Domini
1615 3275 1764 3307 millelirno
1779 3275 1980 3309 sexcentesimo
1992 3275 2129 3307 vicesimo
2144 3277 2263 3316 quinto,
2280 3275 2426 3308 &Trans—

1369 3314 1480 3344 larionis
1495 3315 1612 3345 decimo
1631 3315 1743 3353 quinto.

1405 3352 1610 3383 Confirmatio.
1649 3351 1740 3383 Teste
1755 3351 1836 3391 Rege
1859 3351 1932 3391 apud
1955 3351 2236 3392 Wslmonasterium‚
2263 3350 2347 3382 tertio
2365 3351 2425 3384 Die

1368 3394 1482 3421 Martii.

1402 3467 1554 3498 Theodorus
1565 3469 1642 3497 Price
1660 3466 1790 3497 Clericus
1799 3490 1808 3504 ,
1828 3466 1858 3497 S.
1873 3467 1912 3498 T.
1925 3468 1959 3498 P.
1975 3475 2006 3498 ut
2020 3477 2077 3498 una
2091 3476 2158 3498 curn
2171 3464 2307 3495 Reeioria
2319 3465 2423 3499 Eccle-

1368 3505 1404 3536 fie
1422 3506 1590 3536 Parochi'alis
1603 3507 1639 3536 de
1655 3508 1787 3535 Launton
1803 3504 2019 3536 Dioces'Oxon’
2035 3510 2133 3544 (quam
2144 3504 2206 3542 jam
2218 3504 2341 3540 obtinet)
2361 3505 2424 3537 Re-

1366 3546 1485 3575 &oriam
1501 3544 1626 3575 Ecclesie
1640 3544 1810 3575 Parochislis
1825 3545 1861 3574 de
1874 3544 1938 3584 Istip
1955 3544 2076 3580 eiusdem
2093 3541 2212 3572 Dioces’
2231 3543 2337 3580 (modo
2359 3554 2421 3575 non

1365 3583 1450 3614 distet
1463 3593 1477 3612 a
1493 3584 1581 3620 priori
1597 3584 1666 3613 ultra
1679 3582 1779 3612 decern
1795 3581 1924 3617 Milliar')
1945 3583 2067 3619 recipere
2081 3579 2182 3617 poffit,
2203 3580 2236 3610 &
2260 3581 2353 3624 quoad
2377 3584 2420 3613 vi-

1364 3622 1437 3651 xerit
1453 3623 1580 3652 retinere.
1617 3621 1683 3651 Dat’
1699 3631 1779 3651 nono
1802 3620 1861 3651 Die
1876 3624 1996 3656 Martii,
2016 3619 2102 3648 Anno
2123 3617 2246 3648 Domini
2270 3620 2420 3652 millesimo

1363 3660 1566 3689 sexcentefirno
1580 3659 1716 3689 vicesimo
1730 3660 1849 3698 quinto,
1867 3660 1899 3689 ὃ(
1915 3656 2118 3688 Transsarionis
2133 3656 2249 3686 decimo
2265 3659 2374 3695 quinto.

1401 3696 1602 3729 Confirmatio.
1648 3697 1737 3728 Teste
1761 3697 1844 3737 Rege
1867 3697 1942 3735 apud
1968 3692 2230 3735 Westmonasterium
2251 3704 2333 3726 nono
2361 3696 2418 3729 Die

1363 3738 1476 3766 Martii.

1399 3812 1516 3844 Thomas
1531 3814 1626 3844 Wods
1642 3813 1791 3849 Clericus,
1809 3811 1856 3842 M.
1880 3810 1916 3842 A.
1935 3819 2050 3840 necnon
2072 3808 2242 3847 Capelianus
2265 3812 2418 3852 prenobilis

1361 3850 1480 3883 Femine
1492 3852 1660 3883 Elizahethe
1675 3850 1829 3882 Comitiss'e
1849 3848 1948 3878 Dotar'
1959 3847 2220 3916 Ἓέοπιῇωηρῑοη,
2239 3858 2270 3880 ut
2283 3860 2336 3880 una
2344 3860 2416 3881 curn

1361 3889 1470 3922 Vicaria
1488 3902 1619 3929 perpetua
1636 3890 1761 3922 Ecclesie
1777 3888 1943 3919 Parochialis
1957 3886 1975 3916 d
2006 3886 2140 3916 Fareham
2158 3887 2278 3918 Dioces’
2294 3888 2415 3918 n'intoa’

1357 3930 1455 3966 (quam
1465 3931 1525 3968 jam
1540 3931 1662 3966 obrinet)
1683 3928 1850 3959 Rectoriam
1869 3924 1996 3956 Ecclefie
2010 3925 2179 3956 Parochialis
2191 3926 2226 3957 de
2241 3929 2415 3956 Bauer-mea-

1359 3978 1388 3998 re
1403 3968 1437 3999 al'
1452 3971 1644 4000 Buttermeare
1663 3966 1778 3998 Dioces'
1791 3968 1888 3996 Sarum
1908 3963 2012 4000 (modo
2025 3974 2088 3995 non
2103 3964 2186 3996 distet
2200 3975 2215 3996 a
2229 3964 2416 4033 Vicatia‘fre-

2334 4011 2337 4014 ’
2359 4011 2368 4032 ι

2372 4001 2417 4037 ἂι

2477 150 2536 181 Ans

2504 191 2536 219 1⁶

2478 232 2530 257 An.

2480 271 2532 296 Car

2466 1464 2534 1498 669.
