2536 4255
194 48 268 89 118

50 129 127 163 Ann.
144 128 182 159 D.
193 131 260 163 And
277 132 332 162 this
346 139 378 162 to
390 131 426 162 be
441 129 521 162 done
536 128 593 158 and
610 126 748 157 observed
765 125 846 157 untill
861 128 914 156 His
932 125 1049 166 Majesly
1067 126 1135 158 shall
1147 123 1264 164 publish

74 168 162 205 1625.

50 212 105 236 An.
127 217 153 236 ι.

51 250 114 275 Car,
140 253 163 273 r.

194 171 250 202 and
264 170 376 201 declare
392 171 436 200 his
450 168 559 199 further
575 165 703 196 Pleasure
717 175 748 196 to
763 166 812 196 the
827 174 971 206 contrary.

239 247 337 277 Given
353 253 379 276 at
394 245 443 276 the
464 242 573 273 Courte
594 250 623 272 at
642 245 756 282 Rycott,
777 241 822 272 the
837 245 897 272 One
912 243 972 272 and
987 241 1131 272 Thirtieth
1158 245 1224 279 Day
1238 239 1274 280 of

565 36 1981 95 coNvENT10NEs,-L1T·E*RAE,

1344 240 1450 269 Donne‘
1462 239 1481 270 ἃ
1499 239 1529 270 la
1547 242 1617 272 Cour
1636 242 1669 272 de
1688 241 1806 284 Rycot,
1824 242 1849 273 le
1868 244 2104 275 trente-unieme
2123 243 2159 276 dc
2169 246 2283 287 Juillet,
2299 215 2443 280 enlalcqxr‘,
2458 222 2485 282 i.

200 283 272 324 July
283 309 291 322 ‚
311 287 340 315 in
357 285 404 314 the
419 281 475 311 first
492 281 584 311 Yeare
599 281 635 311 of
647 281 691 312 his
705 280 849 320 Majesties
865 280 979 321 Raigne
993 282 1029 312 of
1039 283 1126 311 Great
1142 282 1269 310 Brittai-
1300 281 1433 315 premiere
1450 281 1550 309 Anne‘e
1568 281 1604 310 du
1623 283 1711 318 Regne
1729 283 1760 312 de
1779 285 1816 312 Sa
1835 282 1960 323 Majeste‘
1975 283 2007 313 de
2023 283 2053 312 la
2077 283 2374 326 Grande-Bretagne,

199 333 250 363 ne,
268 327 371 353 France
386 320 439 350 and
455 318 580 350 Ireland.

887 399 942 427 Per
959 396 1044 437 ipfiem
1057 401 1164 435 Regem.

260 519 420 564 Commiffio
444 511 585 568 Specialis
608 521 722 556 direc‘ia
747 523 909 556 Emanueli
943 524 1073 556 Domino
1094 525 1212 569 Scroope

395 587 397 589 ·
523 583 526 585 ’
655 577 690 612 &¹
716 573 798 605 aliis.

55 663 188 697 Ann,D,
272 655 358 696 EX,
376 658 439 690 &c.
477 656 638 690 Prediletsto
654 659 687 690 δε
702 655 776 688 fideli
793 655 891 686 nostro

77 706 162 741 1625.

53 748 107 771 An.
124 753 147 769 1.

55 786 119 808 Car.
144 791 153 807 1
161 803 167 807 .

53 823 114 847 Par.
127 829 134 845 i
143 841 149 846 .

303 696 451 727 Emanueli
465 700 581 727 Domino
596 701 719 737 Scroope,
739 695 892 726 Prefidenti
907 693 1027 724 Consilii
1052 694 1141 726 nostri
1165 695 1194 724 in
1210 693 1267 725 Bo-

199 735 320 766 realibus
344 735 492 773 Partibus,
518 737 551 767 ὃς
577 736 730 767 Prefidenti
751 736 786 766 &
810 733 1033 770 Vicepresidenti
1049 734 1120 764 dieti
1142 732 1267 765 Consilii

199 774 289 805 nostri
304 775 333 804 in
350 774 478 804 Partibus
495 774 657 805 Borealibus
674 784 727 812 pro
744 781 874 811 tempore
891 771 1089 809 existentibus,

236 812 371 843 Necnon
386 812 634 844 Reverendisfimo
650 815 680 842 in
703 810 824 842 Christo
839 810 912 840 Patri

54 861 117 884 Car.
130 867 151 884 ι,
160 864 186 894 p.
235 851 314 881 Tobie
332 849 538 891 Archiepifiopo
554 851 693 888 Ehorum,
711 848 816 886 Anglie
832 849 954 893 primati
968 850 1001 881 &
1017 849 1248 888 Metropolitano
1258 872 1268 888 ,

54 904 82 932 9.
108 906 133 923 n.
144 905 186 926 10.
199 889 233 921 &
250 889 478 928 Archiepiscopo
495 889 615 919 Eborum
629 899 683 928 pro
703 897 833 925 tempore
846 887 991 926 existenti,

54 934 117 970 dors.

202 941 206 944 “
238 928 285 960 Ac
301 929 387 959 etiam
399 927 568 959 chariffimo
585 927 807 967 Consanguineo
827 925 925 956 nostro

239 966 383 1006 Francisco
399 971 497 997 comiti
512 968 655 1006 Cumbrie,

237 1005 284 1036 Ac
300 1006 457 1043 predilee’to
473 1005 571 1035 nostro

193 1052 195 1054 ’
238 1047 361 1074 Henrico
376 1047 492 1074 Domino
508 1043 642 1082 Chffbrd,

238 1084 286 1114 Ac
301 1083 460 1113 reverendis
481 1084 511 1112 in
528 1082 648 1112 Christo
662 1081 803 1119 Patribus,
825 1116 827 1118 v

237 1123 353 1190 Ricaffdo
370 1121 493 1161 Episcopo
510 1119 685 1161 Dunelmenfi
697 1120 730 1152 &
745 1119 1074 1161 EpiscopoDuneImenfi
1086 1129 1139 1159 pro
1153 1126 1269 1157 tempo-

191 1165 228 1190 ’τε
243 1162 287 1190 exi
315 1162 373 1191 enti
409 1162 440 1190 &
765 1163 768 1166 ”

236 1200 351 1268 31ιῇάο
368 1183 493 1239 ἐρζίῖρρο
509 1197 682 1238 Carliolenfi,
700 1199 734 1229 &
749 1196 897 1236 Episcopo
905 1197 1065 1238 Carliolenfi
1075 1200 1130 1236 pro
1146 1205 1267 1237 tempo-

202 1246 233 1268 re
246 1247 290 1268 exi
318 1247 392 1276 enti,

189 1284 198 1288 ·
239 1276 286 1307 Ac
303 1276 463 1314 predileeiis
475 1275 594 1314 nostris,

235 1315 365 1352 Johanm'
379 1318 494 1345 Domino
509 1318 619 1355 Darcy,
864 1335 867 1338 .

230 1354 377 1384 Edmundo
402 1356 517 1383 Domino
532 1352 668 1392 Sheffeila'
683 1352 837 1390 prenobilis
858 1351 977 1382 Ordinis
1002 1352 1129 1384 Garterii
1161 1351 1266 1390 Militi,

190 1399 192 1401 ’
236 1392 354 1422 Roberto
368 1396 484 1422 Domino
501 1396 605 1430 Carey,

186 1441 190 1443 ’
236 1430 309 1462 Nec
325 1441 382 1461 non
400 1431 511 1461 dilectis
527 1431 559 1461 &
573 1430 706 1461 fidelibus
720 1429 821 1460 nostris

233 1469 405 1538 {qstiqigriix
420 1469 514 1508 nostrix
526 1469 561 1500 ad
578 1468 678 1500 Affisas
691 1469 719 1499 in
736 1468 865 1499 Partibus
879 1468 1041 1501 Borealibus
1061 1479 1114 1508 pro
1135 1478 1265 1510 tempore

198 1516 246 1538 ext
271 1516 329 1538 enti
355 1517 402 1546 us,

52 1560 186 1590 ‘XVHL
238 1547 256 1566 ³*
273 1546 390 1576 Ricardo
405 1548 518 1577 Hutton
533 1545 642 1585 Militi,
653 1532 940 1586 uiiiJusticiariorum
954 1546 1117 1580 nostrorum
1124 1548 1161 1580 de
1169 1547 1268 1587 Com,

91 1602 154 1628 ¹61.

198 1586 279 1615 muni
296 1584 412 1622 Banco,

235 1623 335 1654 leome
350 1623 540 1661 Wentworth,

234 1665 354 1692 Henrico
367 1662 462 1692 Savile
471 1686 480 1701 ,

238 1701 345 1771 ssavid
357 1700 475 1739 famulis,

268 1748 279 1771 t

183 1790 186 1791 ⁷
237 1781 421 1811 Marmaduco
437 1779 559 1821 Wyvell,
578 1778 722 1810 Militibus
735 1779 768 1810 &
784 1779 958 1819 Baronetris,

235 1819 382 1849 Edwardo
394 1817 531 1859 'Stanhope
543 1819 718 1849 honorabilis
730 1818 849 1850 Ordinis
865 1819 960 1852 Balnei
976 1818 1084 1860 Militi,

233 1857 332 1887 Thome
346 1856 481 1897 Fairefax
497 1858 533 1888 de
545 1860 656 1887 Denton
678 1856 786 1895 Militi,

234 1894 367 1933 Johanni
379 1895 475 1926 Savile
489 1896 597 1934 Militi,

234 1936 355 1963 chrico
366 1934 500 1974 Slingesby
516 1933 624 1972 Militi,

241 1972 341 2002 Thome
355 1972 490 2012 Fairefax
509 1973 545 2003 de
562 1973 673 2003 Walton
690 1972 796 2013 Militi,

237 2010 404 2051 Christofero
428 2012 572 2050 Hildyard
584 2011 693 2050 Militi,

233 2050 350 2080 Roberto
365 2049 467 2088 Swifte
483 2050 590 2088 Militi,

233 2088 334 2118 :rhome
347 2089 476 2118 Metham
489 2088 598 2127 Militi,

238 2126 391 2157 Willielmo
405 2127 525 2166 Alforde
541 2127 647 2167 Militi,

237 2168 355 2195 Henrico
371 2166 516 2196 Goodricke
531 2165 642 2204 Militi,

239 2205 355 2234 Ricardo
369 2204 521 2242 Cholmeley
545 2204 655 2243 Militi,

234 2243 364 2281 Johanni
379 2243 479 2282 Gibsim
497 2242 606 2280 Militi,

236 2280 366 2320 Johanni
378 2281 512 2311 Bouchier
530 2281 641 2320 Militi,

239 2320 391 2350 PVillielmo
407 2320 486 2360 Ellys
511 2319 621 2358 Militi,

237 2358 338 2387 Thome
349 2358 478 2398 Yildesley
493 2357 603 2395 Militi,

230 2397 329 2427 Thome
344 2397 423 2436 Ellys
440 2397 548 2435 Militi,

236 2438 348 2473 Georgia
361 2435 439 2475 Ellys
457 2434 565 2473 Militi,

234 2475 352 2503 Henrico
368 2475 495 2503 Tankerd
511 2473 618 2510 Militi,

241 2512 372 2551 Johanni
386 2516 460 2541 Scott
475 2512 560 2543 Sacre
574 2511 739 2551 Theologie
750 2511 907 2543 Profeffori
924 2512 1048 2545 Decano
1070 2513 1191 2544 Eborum
1200 2537 1211 2554 ,
1229 2514 1263 2546 ὅτ.

203 2550 329 2582 Decano
341 2550 462 2579 Eburum
476 2561 530 2587 pro
547 2559 676 2588 tempore
691 2550 820 2581 existenti
829 2575 838 2587 ,

237 2589 353 2619 Ricardo
370 2591 451 2618 Hunt
467 2590 551 2619 Sacre
564 2589 731 2627 Theologie
754 2589 914 2620 Professori
937 2590 1062 2622 Decano
1074 2592 1226 2622 Dunelmen
1238 2604 1264 2631 1,

204 2627 378 2697 &EDecano
394 2627 568 2666 szelmenfi
581 2638 636 2665 pro
649 2636 779 2665 tempore
792 2628 944 2667 existenti,

263 2675 274 2697 t

234 2704 335 2735 Phinei
348 2703 477 2745 Hodgsbn
490 2704 573 2734 Sacre
594 2704 759 2743 Theologie
774 2704 940 2735 Professori.

238 2744 339 2774 Sciatis
364 2744 440 2782 quod
465 2753 533 2780 nos,
559 2743 595 2772 de
617 2743 809 2774 fidelitatibus
832 2743 980 2774 industriis
999 2745 1033 2775 &
1055 2747 1178 2783 providis
1197 2747 1264 2778 Cir-

202 2782 465 2820 cumspectionibus
484 2782 580 2812 vestris
599 2782 753 2819 plurimum
773 2782 968 2821 confidentes,
995 2783 1196 2822 affignavimus
1211 2796 1264 2817 vos

202 2820 475 2852 Commiffionarios
494 2820 620 2858 nostr03‚
638 2830 671 2850 ac
688 2830 737 2857 per
757 2820 900 2852 Presentes
918 2822 1018 2852 damus
1038 2824 1138 2862 vobis,
1162 2826 1196 2856 ὃς
1215 2825 1263 2855 ali-

224 2861 303 2890 uibus
323 2868 442 2898 quatuor
460 2859 504 2889 vcl
523 2859 647 2896 pluribus
666 2858 809 2897 vestrum,
835 2860 968 2898 (quorum
988 2869 1017 2891 te
1035 2863 1173 2899 prefatum
1195 2863 1261 2894 Pre-

202 2870 342 2928 iidentem
361 2898 405 2928 vel
427 2897 688 2934 Vicepresidentem
707 2907 761 2937 pro
778 2906 911 2935 tempore
936 2898 1081 2931 existentes
1104 2902 1211 2939 semper
1230 2913 1262 2932 u-

203 2946 275 2966 num
293 2937 349 2966 effe
368 2937 517 2972 volumus,
537 2937 570 2966 &
586 2936 695 2973 aliquos
713 2935 839 2966 vestrum
857 2946 908 2966 vos
925 2937 1062 2974 prefatum
1083 2940 1263 2971 Willielmum

204 2974 302 3014 Ellys,
318 2974 446 3003 Thomam
459 2974 601 3013 Ula'essey,
620 2974 748 3003 Thomam
756 2974 852 3012 Ellys,
871 2977 1013 3013 Georgium
1027 2977 1123 3017 Ellys,
1142 2978 1264 3018 Milite-5,

202 3015 312 3050 semper
331 3012 402 3042 duos
419 3013 476 3042 esie
494 3013 635 3049 volumus)
657 3013 770 3049 plenam
794 3013 967 3044 Potestatem
992 3015 1025 3045 ἃ
1052 3017 1265 3049 Authoritatem

204 3051 241 3083 ad
257 3052 354 3081 omnia
379 3052 413 3082 ὃς
437 3050 541 3088 singula
569 3050 687 3080 Offensa
704 3052 737 3080 &
756 3050 909 3082 Maleiacn
927 3062 1125 3093 quecumque,
1150 3055 1264 3095 Sedias,

205 3090 302 3129 Lites,
322 3089 538 3120 Controverlias
554 3090 588 3120 &
606 3088 894 3128 Demanda,Causas‚
903 3090 962 3121 Res
979 3092 1012 3122 &
1031 3092 1165 3124 Materias
1186 3098 1265 3132 quas-

205 3139 340 3168 cunque,
356 3128 428 3158 infra
449 3127 613 3157 Comitatus
631 3126 740 3156 nostros
756 3127 1247 3168 Eburum,Cumbrie‚Northumbr1e

185 3189 191 3194 .
205 3167 423 3208 uestmerlandie
439 3166 473 3196 &
492 3164 681 3204 Episcopatum
699 3166 918 3206 Dunelmenfi’m,
927 3171 1083 3198 Civitatem
1096 3171 1215 3201 Eborum
1228 3158 1263 3203 &'

206 3205 390 3236 Comitatum
405 3203 545 3243 ejusdem,
561 3207 714 3233 Civitatem
728 3204 918 3244 Carliolenfim
927 3228 936 3243 ,
954 3206 1058 3236 Villam
1072 3208 1105 3237 de
1118 3211 1262 3250 Kingeston

191 3247 288 3281 *super
302 3243 376 3274 Hull
386 3245 419 3275 ὃς
433 3242 617 3273 comitatum
632 3242 774 3280 ejusdem,
795 3243 900 3274 Villam
920 3245 999 3273 Novi
1013 3245 1103 3284 Castri
1117 3248 1198 3287 fiaper
1216 3253 1264 3280 Ti.

207 3294 274 3313 nam
288 3283 320 3312 ὃ(
332 3282 515 3312 Comitatum
530 3279 653 3319 ejusdem
663 3281 712 3318 ,&
729 3280 833 3310 Villam
847 3283 879 3310 de
886 3284 1034 3312 Barwicke
1047 3284 1125 3322 super
1133 3288 1264 3319 Twedam

207 3321 244 3352 &
261 3321 416 3351 Libertates
428 3319 572 3358 ejusdem,
592 3320 804 3356 contingentes,
828 3319 873 3350 seu
888 3323 1100 3359 quoquomodo
1117 3334 1264 3365 emergen-

179 3360 506 3399 ·'tes,‚examinandum
530 3357 702 3389 audiendum
724 3358 919 3388 decidendum
941 3360 1105 3391 faciendum
1122 3372 1264 3402 exequen-

205 3398 279 3429 dum
294 3397 500 3436 expediendum
517 3395 750 3437 performandum
766 3396 799 3426 &
815 3395 932 3427 finaliter
945 3397 1266 3441 determinandum,que

205 3436 296 3475 qualia
310 3436 442 3475 qualiter,
462 3437 495 3467 &
513 3436 615 3466 eisdem
631 3433 722 3464 modo
741 3434 774 3464 &
791 3434 900 3473 forma,
925 3445 1010 3472 prout
1028 3446 1077 3474 per
1095 3438 1265 3472 Instrudtio-

206 3486 273 3513 nes,
293 3476 322 3504 in
341 3473 487 3505 Schedulis
500 3474 553 3504 hiis
570 3472 743 3503 Presentibus
762 3474 1089 3513 annexatis,continen’,
1106 3478 1262 3510 limitatum

203 3516 239 3545 &
258 3514 483 3551 appundtuatutn
500 3512 610 3550 existit,
626 3510 703 3542 salvis
720 3511 826 3547 semper
846 3513 927 3541 nobis
946 3511 1109 3545 Heredibus
1138 3517 1171 3546 ὅ(
1190 3518 1262 3549 Suc-

204 3552 360 3585 cessoribus
378 3551 480 3582 nostris
498 3550 732 3581 Amerciamentis
750 3549 783 3580 &
801 3549 860 3579 aliis
884 3550 919 3580 de
937 3549 1078 3581 Premiffis
1101 3553 1148 3584 seu
1165 3556 1262 3594 aliquo

200 3590 416 3630 ⁴Premiss‘orum
433 3588 642 3625 accidentibus,
660 3589 706 3619 seu
726 3588 934 3626 quoquomodo
953 3588 1260 3627 Emergentibus&ad

206 3639 260 3661 nos
276 3629 481 3665 spediantibus3
508 3627 608 3657 damus
623 3628 720 3665 itaque
736 3626 867 3657 universis
893 3627 924 3656 ὃ(
942 3626 1055 3663 singulis
1080 3628 1261 3663 Marchioni-

203 3667 261 3698 bus
278 3666 446 3697 Comitibus
465 3666 620 3696 Batonibus
640 3665 785 3696 Militibus
798 3664 1031 3696 Vicecomitibus
1042 3665 1200 3705 Majoribus
1209 3671 1260 3701 Se-

206 3704 331 3736 nescallis
348 3703 456 3734 Ballivis
475 3703 714 3742 Constabulariis,
733 3704 766 3735 &
785 3703 843 3733 aliis
858 3702 1013 3733 officiariis
1031 3704 1174 3737 Ministris
1185 3709 1260 3739 &fi-

206 3743 317 3774 delibus
343 3742 442 3779 Ligeis
464 3742 565 3772 nostris
585 3742 815 3781 quibuscunque,
833 3750 892 3778 tam
909 3741 979 3772 infra
1000 3741 1154 3774 Libertares
1174 3756 1260 3784 quarn

206 3791 298 3817 extra,
318 3788 415 3810 tenore
430 3779 741 3818 Presentium,firmiter
755 3783 783 3810 in
799 3779 1044 3819 Mandatis‚quod
1060 3783 1143 3812 vobis
1156 3784 1261 3815 &cui-

202 3820 273 3850 libet
287 3817 411 3847 vestrum
426 3818 454 3847 in
471 3817 613 3848 Premiffis
627 3818 762 3849 faciendis
777 3819 811 3849 &
825 3819 1192 3857 exequendis,attendentes
1207 3824 1260 3855 lint

201 3860 235 3890 &
249 3856 398 3896 affistentes
411 3856 568 3886 auxiliantes
581 3857 678 3894 pariter
692 3857 725 3887 ὃς
741 3858 913 3888 obedientes.

240 3895 381 3925 Volumus
392 3893 501 3936 insuper
516 3896 593 3931 quod
607 3905 707 3925 omnes
720 3896 753 3925 &z
769 3895 874 3934 singule
890 3896 942 3926 alie
961 3895 1191 3929 Commiffiones
1205 3910 1260 3930 no-

201 3933 256 3967 stre
270 3933 305 3964 ad
320 3932 518 3972 inquirendum
535 3931 706 3964 audiendum
720 3934 754 3965 ὃς
771 3935 983 3966 terminandum
999 3935 1070 3968 infra
1095 3935 1259 3971 Comitatus

1304 315 1336 344 de
1355 315 1464 348 France
1482 317 1520 353 &⁶
1538 317 1686 350 d'Irlande.

2021 398 2076 435 Per
2092 400 2183 439 ipsum
2203 400 2332 444 Regem.

1305 517 1416 549 nostros
1433 519 1570 557 Eburum,
1589 519 1804 557 Northmnhrie,
1816 520 1957 559 Cumbrie,
1971 522 2205 562 Wstmorlamhe,
2225 524 2372 564 Epfiopa-

1302 564 1361 585 tum
1379 557 1608 596 Dunelmenfi’m,
1635 558 1794 589 Civitatem
1818 558 1938 588 Eborum
1961 561 1993 590 &
2019 561 2202 593 Comitatum
2227 565 2370 603 ejusdem,

1303 594 1464 626 Civitatem
1483 595 1696 635 Karliolensbm,
1723 597 1810 628 Villas
1829 597 1865 627 de
1881 597 2027 635 Kingeston
2043 602 2119 637 super
2141 602 2213 631 Hull
2229 604 2261 633 ὃς
2286 606 2368 634 Novi

1304 634 1393 672 Castri
1403 634 1483 675 ficper
1497 638 1613 674 Txnam,
1631 637 1665 667 &
1682 634 1849 666 Comitatus
1863 637 2032 674 earundem,
2051 639 2084 668 &
2095 639 2210 670 Villam
2233 642 2269 671 de
2293 645 2370 671 Bar-

1306 674 1392 702 wicke
1404 673 1482 713 fhper
1495 674 1626 703 Twedam
1640 675 1673 705 &
1690 674 1847 705 Libertates
1861 675 1985 712 ejuldem
1994 699 2004 713 ,
2020 676 2234 717 quibuscunque
2245 679 2373 711 Personis

1303 720 1370 753 ante
1387 711 1440 742 hac
1459 712 1585 749 dstecte,
1607 712 1678 743 Nec
1699 723 1759 743 non
1775 723 1877 744 omncs
1891 713 1924 743 &
1941 713 2049 750 singule
2065 716 2208 751 generales
2223 716 2374 749 Commis-

1303 752 1393 780 iiones
1416 751 1498 781 Pacis
1520 750 1635 791 nostre,
1660 761 1714 789 que
1738 751 1885 791 separatim
1901 752 1975 782 fac'le
1998 753 2054 782 live
2069 754 2258 791 imposterum
2277 756 2371 790 fiende

1306 787 1359 830 sint
1373 788 1538 826 justiciariis
1552 792 1652 820 nostris
1666 790 1699 820 ad
1714 790 1822 821 Pacem
1837 792 1866 821 in
1883 790 2091 829 Comitatibus,
2112 792 2299 831 Episcopatu,
2317 795 2372 826 Ci-

1306 827 1439 870 vitatibus
1454 827 1487 857 &
1497 824 1577 870 Villis
1591 828 1722 866 prediitis
1738 831 1771 861 δε
1784 839 1884 859 eorum
1899 830 1994 867 aliquo
2008 830 2233 862 conservandum
2251 833 2370 872 assigna-

1303 872 1358 909 tis·²
1376 875 1410 895 ac
1427 875 1529 895 omnia
1543 866 1577 896 &
1593 867 1701 904 singula
1715 869 1744 897 in
1757 868 1861 899 eisdem
1871 867 2131 900 Commiffionibus
2145 871 2178 901 &
2192 881 2290 902 earum
2300 883 2371 910 qua-

1305 904 1375 934 libet
1389 913 1526 934 contenta
1543 904 1599 935 sive
1615 906 1643 935 in
1660 906 1806 942 posterum
1814 908 2006 945 continenda,
2019 908 2071 937 hiis
2087 907 2189 939 Literis
2201 910 2303 940 nostris
2312 913 2368 944 Pa—

1306 944 1431 973 tentibus
1443 952 1502 972 non
1518 942 1712 981 obstantibus,
1727 946 1757 974 in
1770 945 1818 976 suo
1830 945 1953 976 Robore
1975 955 2158 983 permaneant
2174 949 2207 980 ὅτ,
2228 948 2365 990 Effectu3
2405 970 2407 972 -

1306 981 1433 1024 &nquod
1451 982 1487 1011 he
1505 981 1599 1011 Litere
1621 982 1716 1012 nostre
1739 982 1887 1024 Patentes,
1907 993 1969 1013 non
1990 984 2168 1018 obstantibus
2187 987 2246 1017 aliis
2267 988 2364 1020 Com-

1307 1020 1504 1057 miflionibus,
1527 1029 1584 1050 tarn
1606 1020 1641 1049 ad
1666 1021 1868 1059 inquirendum
1889 1022 2061 1053 audiendum
2084 1025 2118 1055 ὃς
2139 1027 2349 1058 terminandum

1327 1068 1392 1089 uam
1407 1058 1465 1089 aliis
1480 1058 1744 1089 Commisfionibus
1759 1059 1841 1090 Pacis
1855 1059 1968 1098 nostre,
1994 1062 2023 1091 in
2041 1062 2146 1093 eisdem
2170 1053 2366 1098 Comitatibus

1331 1098 1411 1136 pisco
1432 1106 1479 1128 atu
1494 1096 1670 1128 Civitatibus
1683 1099 1717 1130 &
1735 1097 1816 1128 Villis
1829 1098 1963 1136 predictis
1978 1107 2024 1130 aut
2044 1110 2148 1132 eorum
2172 1103 2270 1142 aliquo
2291 1115 2367 1136 con-

1302 1135 1399 1167 servan
1422 1146 1455 1174 e,
1472 1135 1690 1176 quibuscunque
1704 1136 1833 1167 Personis
1847 1146 1911 1167 ante
1926 1137 1979 1167 hec
1995 1146 2124 1176 tempora
2137 1141 2216 1171 faeta
2229 1142 2285 1173 sive
2293 1154 2368 1174 con-

1303 1174 1401 1213 ceffis,
1419 1183 1464 1205 aut
1479 1173 1669 1217 imposterum
1684 1174 1782 1207 fiendis
1798 1184 1845 1207 aut
1859 1174 2030 1216 dirigendis,
2048 1178 2078 1207 in
2095 1181 2179 1212 omni
2197 1180 2247 1212 suo
2265 1183 2369 1214 robore

1304 1222 1492 1252 permaneant
1507 1214 1541 1246 δε
1558 1213 1675 1245 effeetu.

1339 1283 1376 1315 In
1395 1284 1472 1322 cujus
1491 1283 1545 1322 rei,
1563 1283 1625 1314 &c.

1339 1363 1432 1396 Teste
1445 1363 1528 1403 Rege
1543 1364 1617 1403 apud
1632 1367 1787 1396 Civitatem
1806 1367 1941 1397 Oxonien.
1958 1369 2046 1405 primo
2062 1366 2106 1397 die
2127 1368 2254 1408 Augusti.

2024 1450 2078 1478 Per
2091 1449 2176 1488 ipftm
2187 1453 2296 1487 Regem.

1304 1572 1332 1602 ὅ*
1343 1577 1392 1609 De
1403 1572 1574 1619 Concefflone
1584 1573 1684 1621 Officii
1695 1572 1815 1621 Jacobo
1827 1572 1990 1608 chambers
2006 1577 2038 1607 in
2049 1574 2218 1610 Medicinis
2227 1578 2361 1612 Deilori.

1303 1661 1460 1735 REX,
1476 1663 1539 1694 &c.
1558 1663 1694 1694 omnibus
1708 1662 1743 1694 ad
1766 1672 1856 1701 quos,
1875 1662 1937 1694 &c.
1975 1660 2112 1693 Salutem.

1405 1701 1506 1732 Sciatis
1531 1701 1609 1739 quod
1633 1712 1705 1741 nos,
1731 1700 1767 1731 de
1789 1700 1888 1732 Gratia
1910 1699 2004 1730 nostra
2024 1700 2153 1740 speciali,
2178 1711 2211 1733 ac
2233 1713 2269 1734 ex
2286 1712 2364 1736 certa

1303 1738 1429 1770 Scientia
1441 1740 1475 1770 &
1489 1749 1569 1770 mero
1587 1739 1679 1771 Motu
1699 1738 1821 1777 nostris,
1837 1739 1967 1770 dedimus
1980 1739 2012 1769 ὃ(
2029 1741 2237 1779 conceffimus,
2255 1752 2366 1782 ac,per

1302 1777 1443 1815 presentes
1456 1787 1508 1816 pro
1524 1779 1608 1809 nobis
1622 1778 1783 1810 Heredibus
1800 1780 1832 1809 &
1845 1777 2060 1808 Successoribus
2076 1778 2196 1817 nostris,
2214 1781 2313 1812 damus
2332 1782 2365 1813 &¹

1303 1816 1504 1855 concedimus,
1511 1816 1620 1848 ἀὶὶεᾶο
1633 1816 1840 1855 nobis,Jacobo
1855 1815 2000 1846 chambers
2012 1816 2041 1846 in
2056 1815 2213 1851 Medicinis
2228 1819 2367 1858 Doctori,

1301 1853 1452 1886 Officium
1461 1856 1494 1887 ὃς
1503 1855 1621 1887 Locum
1629 1856 1763 1886 ordinarii
1773 1854 1886 1885 Medici
1893 1854 1980 1884 nostri
1990 1877 2001 1892 ‚
2015 1865 2069 1885 una
2078 1856 2253 1888 cumDietis
2266 1860 2299 1890 ὅ(
2315 1859 2368 1890 ΑΙ-

1303 1893 1498 1925 locationibus
1505 1894 1575 1925 Vini
1590 1893 1706 1925 &Cere
1719 1895 1752 1925 ὃ(
1767 1892 1866 1930 Bouge
1881 1893 1908 1923 le
1917 1892 2070 1931 Court,ac
2085 1896 2222 1927 omnibus
2229 1896 2371 1929 proficuis

1303 1925 1518 1964 Emolumentis
1525 1933 1787 1972 Commoditatibus
1796 1933 2032 1969 preheminentiis
2045 1933 2077 1963 δε
2086 1932 2243 1972 Privilegiis
2252 1936 2370 1968 Autho-

1302 1971 1431 2003 ritatibus
1447 1972 1481 2003 &
1496 1971 1680 2011 Advantagiis
1696 1971 1777 2002 dieto
1794 1970 1907 2002 Officio
1921 1971 2150 2011 qualitercunque
2164 1974 2372 2010 pertinentibus

1302 2010 1361 2041 five
1376 2010 1568 2049 quovismodo
1582 2011 1770 2048 spectantibus
1777 2032 1792 2053 ,Ι
1804 2019 1837 2040 ac
1852 2009 1945 2048 ipsum
1959 2009 2096 2048 Jacohum
2119 2010 2265 2043 chambers
2287 2015 2367 2046 ordi-

1301 2050 1414 2118 ¹1¹?er
1430 2048 1586 2082 Medicum
1599 2048 1728 2081 nostrum
1739 2049 1859 2081 facimus
1873 2048 2037 2080 ordinamus
2050 2050 2084 2082 &
2100 2051 2301 2083 constituimus
2316 2064 2367 2092 pet

1330 2098 1360 2118 re
1372 2098 1460 2120 entes.

1339 2126 1377 2158 Et
1400 2129 1526 2167 insuper,
1552 2127 1589 2158 de
1602 2128 1727 2159 uberiori
1743 2127 1843 2158 Gratia
1856 2127 1966 2166 nostra,
1983 2138 2016 2159 ac
2030 2136 2065 2158 ex
2088 2136 2162 2160 certa
2184 2129 2308 2162 Scientia
2331 2133 2366 2164 ὃς

1302 2175 1386 2196 mero
1403 2165 1492 2197 Motu
1507 2166 1626 2205 nostris,
1642 2177 1695 2207 pro
1711 2167 1795 2197 nobis
1809 2166 1973 2197 Heredibus
1985 2167 2018 2197 &
2035 2166 2247 2199 Successoribus
2265 2169 2368 2201 nostris

1300 2213 1350 2241 per
1375 2203 1538 2243 presentes,
1562 2205 1662 2236 damus
1685 2205 1718 2236 δε
1743 2205 1932 2236 concedimus
1951 2205 2032 2236 dic‘to
2059 2205 2168 2244 Jacobo
2199 2207 2364 2247 chambers,

1298 2242 1440 2280 quandam
1462 2243 1650 2274 Annuitatem
1667 2243 1723 2274 five
1739 2243 1899 2275 Annualem
1909 2243 2069 2275 Redditum
2084 2249 2199 2274 Centum
2215 2246 2367 2278 Librarum

1300 2280 1378 2312 bone
1393 2283 1427 2313 &
1444 2282 1539 2321 legalis
1552 2281 1676 2314 Monete
1690 2281 1796 2320 Anglie
1812 2292 1862 2320 per
1877 2282 2016 2321 Annum,
2041 2282 2219 2314 Habendum
2238 2286 2365 2324 gauden-

1299 2319 1370 2350 dum
1384 2320 1577 2351 exercendum
1592 2321 1624 2352 ὃ(
1641 2321 1846 2358 occupandum
1861 2320 2006 2351 Officium
2020 2322 2053 2352 &
2071 2321 2188 2352 Locum
2196 2323 2363 2360 predit‘Ztum

1299 2358 1434 2389 ordinarii
1449 2358 1564 2390 Medici
1580 2358 1689 2397 nostri,
1708 2359 1821 2396 prefato
1835 2359 1944 2398 Jacobo
1959 2359 2104 2389 Chanzbers
2118 2360 2235 2392 durante
2246 2361 2310 2392 Vita
2318 2363 2365 2394 sua

1300 2398 1432 2436 naturali,
1451 2407 1504 2427 una
1521 2406 1591 2428 cum
1606 2397 1700 2428 Dietis
1714 2399 1748 2429 ὃς
1765 2397 1991 2428 Allocationibus
2008 2399 2120 2430 Vini&
2134 2398 2211 2429 Cere
2232 2400 2266 2431 &
2284 2400 2362 2431 Bou-

1298 2444 1335 2474 ge
1353 2436 1377 2466 le
1392 2435 1523 2473 Courte,
1541 2446 1576 2466 ac
1593 2437 1729 2466 omnibus
1744 2435 1884 2467 Proficuis
1899 2436 2112 2466 Emolumentis
2133 2436 2361 2470 Commoditati-

1301 2475 1352 2505 bus
1367 2474 1606 2505 Preheminentiis
1624 2474 1782 2512 privilegiis
1796 2474 2061 2507 Authoritatibus&
2076 2475 2266 2514 Advantagiis
2280 2477 2364 2509 dieto

1300 2512 1416 2543 Officio
1451 2513 1663 2551 ualitercunque
1678 2514 1883 2550 pertinentibus
1905 2513 1961 2542 five
1982 2515 2193 2552 quoquomodo
2213 2515 2365 2555 spedianti-

1299 2552 1421 2590 bus-,Ac
1460 2552 1605 2582 abendum
1619 2551 1835 2590 percipiendum
1850 2551 2001 2581 levandum
2017 2553 2050 2582 &
2061 2553 2244 2589 gnudendum
2252 2555 2363 2586 dietam

1300 2589 1489 2620 Annuitatem
1504 2590 1560 2621 five
1575 2590 1726 2620 annualem
1740 2589 1895 2620 Redditum
1912 2593 2026 2619 Centum
2041 2591 2192 2622 Librarum
2206 2593 2287 2623 dieto
2297 2593 2361 2632 Ja-

1298 2629 1360 2658 cobo
1375 2628 1537 2667 chambers,
1554 2628 1591 2658 de
1605 2630 1689 2659 nobis
1708 2628 1874 2659 Heredibus
1896 2628 1928 2658 &
1950 2627 2164 2661 Succefforibus
2185 2631 2305 2670 nostris,
2324 2632 2362 2663 de

1298 2667 1448 2698 Thesauro
1460 2667 1557 2698 nostro
1571 2666 1722 2697 Heredum
1735 2668 1768 2698 ὃ(
1782 2667 1983 2697 Successorum
1999 2667 2160 2699 nostrorum
2170 2692 2180 2707 ,
2192 2669 2227 2700 ad
2245 2669 2363 2708 Recep-

1299 2714 1359 2736 tam
1380 2706 1522 2737 Scaccarii
1543 2705 1633 2736 nostri
1655 2705 1899 2746 Westmonasterii,
1924 2705 2074 2737 Heredum
2096 2708 2130 2739 &
2153 2707 2360 2740 Successorum

1299 2745 1465 2775 nostrorum
1479 2768 1489 2783 ,
1521 2754 1572 2782 per
1592 2743 1699 2774 Manus
1721 2744 2044 2786 Comrniffionariorum
2072 2755 2125 2782 pro
2152 2746 2360 2787 Thesaurario,

1297 2784 1476 2815 Thesaurarii
1493 2782 1526 2813 ὅ(
1542 2782 1761 2813 Subthesaurarii
1775 2783 1807 2813 &
1825 2781 2058 2813 camerariorum
2073 2783 2358 2823 nostrorum,Here-

1297 2823 1368 2854 dum
1389 2823 1422 2853 &
1446 2821 1650 2852 Succefforum
1680 2821 1846 2851 nosti-orum
1868 2831 1920 2858 pro
1940 2821 2093 2859 Tempore
2115 2823 2314 2863 existentium,
2340 2835 2356 2856 a

1297 2863 1449 2899 Tempore
1465 2860 1570 2891 Mortis
1602 2859 1808 2899 prechariffimi
1825 2859 1911 2890 Patris
1927 2859 2033 2896 nostri,
2050 2860 2152 2899 Jacobi
2164 2865 2261 2901 Regis,
2279 2864 2357 2894 sacre

1299 2901 1442 2932 memorie
1459 2909 1548 2938 nuper
1561 2883 1707 2938 defuneti,
1732 2908 1785 2936 pro
1798 2900 1830 2930 &
1844 2898 1962 2929 durante
1973 2897 2037 2929 Vita
2053 2900 2167 2930 naturali
2183 2900 2252 2931 disti
2264 2901 2356 2939 Jaco-

1298 2941 1325 2970 bi
1341 2939 1505 2976 Chumbers,
1522 2937 1557 2968 ad
1573 2946 1696 2976 quatuor
1712 2938 1789 2969 Anni
1807 2937 1982 2973 TerminOS,
2005 2936 2150 2976 videlicet,
2175 2940 2357 2971 Nativitatis

1298 2980 1394 3009 Sant't'i
1414 2977 1559 3016 Johannis
1584 2976 1724 3014 Baptiste,
1751 2977 1845 3005 Sandli
1868 2974 2012 3005 Michaelis
2027 2975 2216 3016 Archangeli,
2236 2979 2356 3009 Natalis

1298 3020 1410 3048 Domini
1423 3017 1455 3047 δε
1472 3018 1707 3045 Annuntiationis
1722 3014 1800 3044 beate
1816 3016 1910 3044 Marie
1931 3016 2063 3052 Virginis,
2083 3024 2133 3052 per
2155 3016 2266 3056 equales
2277 3017 2352 3048 Por-

1299 3057 1390 3088 tiones
1410 3054 1588 3086 solvendum.

2377 1583 2524 1619 *xvim

2421 1627 2483 1655 162.

2383 1663 2463 1695 Ann.
2473 1664 2519 1698 D.

2377 1729 2381 1735 .
2413 1703 2499 1741 1625.

2383 1745 2440 1770 Aa.
2452 1750 2477 1771 I.

2382 1784 2445 1809 Car.
2458 1788 2484 1809 x.

2384 1823 2442 1847 ΡΜ.
2466 1828 2490 1849 ι,

2384 1861 2444 1885 Car·
2455 1865 2478 1886 1.

2384 1897 2519 1934 p.9.n.22}

1335 3095 1474 3126 Volentes
1486 3093 1519 3124 &
1535 3092 1725 3123 concedentes
1745 3090 1857 3128 insuper
1876 3089 1955 3130 quod
1972 3092 2092 3128 prefatus
2106 3091 2231 3130 Jacobus
2253 3093 2355 3123 Cham—
2379 3117 2384 3125 ,

1298 3134 1358 3163 bers
1373 3132 1534 3171 predietum
1552 3130 1713 3168 Officium,
1733 3140 1804 3160 cum
1826 3130 1961 3159 omnibus
1977 3131 2010 3160 ὅ(
2035 3130 2148 3167 lingulis
2167 3132 2358 3172 pertinentiis,

1296 3183 1330 3204 ac
1345 3170 1505 3210 medidiam
1521 3168 1707 3199 Annuitatem
1723 3168 1779 3198 five
1794 3168 1939 3198 annualem
1957 3166 2115 3199 Redditum
2123 3173 2237 3199 Centum
2251 3171 2366 3208 Libras,

1298 3222 1359 3241 rum
1370 3220 1420 3248 per
1438 3209 1554 3238 Annum
1563 3230 1572 3245 ,
1590 3207 1684 3237 modis
1697 3206 1832 3237 omnibus
1848 3215 1879 3236 ut
1892 3206 2046 3244 predicitur
2056 3206 2220 3238 solvendum
2229 3220 2279 3247 ,ac
2288 3215 2364 3241 om-'

1298 3250 1346 3279 nia
1359 3250 1392 3279 δε
1408 3247 1513 3285 singula
1529 3245 1663 3276 Proficua
1675 3244 1774 3275 Dietas
1788 3245 1821 3275 &
1838 3245 2033 3286 Allocationes
2045 3245 2184 3283 predictas
2205 3248 2237 3278 &
2254 3248 2354 3288 Bouge

1299 3288 1326 3318 le
1336 3287 1448 3317 Courte
1457 3308 1467 3321 ,
1485 3295 1555 3315 curn
1568 3285 1703 3314 omnibus
1716 3283 1926 3313 Emolumentis
1938 3283 2173 3315 Preheminentiis
2190 3287 2354 3318 Authorita-

1298 3327 1374 3357 tibus
1387 3326 1420 3356 &
1437 3322 1702 3353 Commoditatibus
1717 3322 1930 3366 quibuscunque
1945 3322 1979 3352 &
1999 3321 2238 3363 qualibuscunque
2257 3325 2354 3356 eidem

1299 3363 1415 3395 Officio
1432 3361 1644 3399 Sped‘mntibus,
1662 3360 1765 3390 habeat
1782 3361 1918 3397 percipiat
1941 3360 1974 3391 &
1997 3360 2132 3398 gaudeat,
2156 3362 2270 3393 durante
2286 3363 2356 3396 Vita

1298 3403 1346 3434 sua
1361 3401 1492 3437 naturali,
1509 3400 1537 3429 in
1552 3407 1611 3428 tam
1625 3398 1728 3435 amplis
1742 3397 1832 3427 modo
1846 3400 1879 3429 ὃς
1896 3397 2000 3427 Forma
2015 3399 2250 3437 proutJohannes
2258 3405 2355 3441 Craige

1301 3450 1389 3480 nuper
1404 3449 1473 3469 unus
1486 3436 1674 3467 Medicorum
1690 3436 1810 3474 prediffi
1824 3435 2023 3472 perchariffimi
2038 3437 2126 3468 Patris
2139 3439 2242 3477 nostri,
2260 3449 2308 3471 aut
2325 3451 2357 3471 a-

1299 3480 1375 3517 liqua
1391 3478 1441 3508 alia
1461 3475 1582 3506 Persona
1597 3475 1653 3505 five
1669 3475 1760 3513 alique
1775 3474 1828 3504 alie
1847 3473 1980 3512 Persone,
1997 3475 2109 3506 dietum
2127 3477 2272 3508 Officium
2283 3488 2355 3509 cum

1298 3516 1498 3553 Pertinentiis,
1515 3514 1548 3544 &
1566 3522 1658 3545 cetera
1672 3513 1769 3543 omnia
1786 3513 1918 3550 premifla
1937 3523 2001 3544 ante
2019 3514 2072 3544 hec
2090 3514 2238 3553 Tempora
2262 3526 2354 3547 occu-

1299 3565 1369 3594 pans
1386 3554 1431 3585 vel
1445 3561 1635 3590 occupantes,
1660 3551 1757 3581 habuit
1774 3560 1822 3594 aut
1840 3553 1980 3590 percepit,
2007 3553 2166 3584 habuerunt
2191 3563 2239 3585 aut
2254 3564 2354 3595 perce-

1299 3601 1418 3633 perunt,
1443 3600 1490 3622 aut
1516 3591 1621 3622 habere
1645 3590 1691 3622 vel
1715 3598 1859 3627 percipere
1875 3590 1973 3621 debuit
1991 3600 2038 3621 aut
2056 3593 2166 3630 potuit,
2191 3593 2350 3625 debuerunt

1301 3640 1350 3664 aut
1369 3638 1542 3669 potuerunt,

1338 3669 1383 3700 Eo
1397 3667 1475 3707 quod
1487 3690 1497 3706 ‚
1515 3668 1577 3699 &c.

1336 3746 1373 3778 In
1387 3745 1468 3784 cujus
1481 3744 1520 3775 tei
1529 3766 1539 3782 ,
1552 3743 1613 3774 &c.

1335 3821 1424 3855 Teste
1438 3820 1521 3861 Rege
1539 3819 1615 3859 apud
1629 3823 1782 3852 Civitatem
1797 3823 1887 3850 oxon.
1898 3823 1988 3859 primo
2008 3819 2052 3849 die
2068 3819 2194 3860 Augusti.

1696 3900 1748 3928 Per
1766 3900 1858 3928 Breve
1878 3876 1909 3926 ile
1927 3897 2047 3926 Privato
2064 3895 2170 3935 sigillo,
2189 3897 2249 3934 ὡς,
