2536 4255
686 170 800 212 ET
882 171 1162 214 ACTA

0 258 63 289 imn.
76 252 117 284 D.
134 255 222 287 miffis
246 254 346 286 melius
359 263 490 294 appareat
506 255 539 287 ὃς
554 255 708 295 reveletur,
723 257 770 288 Ac
787 265 886 288 tenore
909 256 1079 293 presentium
1099 256 1199 294 vobis,

0 297 92 368 {5393-

0 376 84 402 rfflr.l.

0 1419 97 1453 xxix.

3 1473 91 1500 15¹9·

134 296 221 326 tribus
236 295 281 326 vel
297 294 422 332 pluribus
435 295 563 326 vestrum
581 294 698 324 firmiter
715 295 882 326 mandamus
901 297 934 325 &
951 296 1140 334 injungimus,
1164 305 1197 325 ac

133 333 251 364 Plenam
278 334 449 364 Potestatem
465 335 497 364 &
516 333 724 363 Authoritatcm
742 334 823 363 vobis
838 334 937 363 damus
952 334 985 364 &
1003 334 1197 371 concedimus,

132 371 167 402 ad
189 382 291 402 omnes
303 371 467 408 &singulas
485 375 700 410 personas,quas
718 372 818 409 vobis,
838 372 923 402 tribus
942 372 988 402 vel
1006 373 1132 410 pluribus
1146 382 1196 403 ve-

132 409 223 441 strum
246 411 302 441 five
320 410 478 440 Ordinibus
491 420 538 440 aut
557 410 770 439 Direetionibus
785 409 883 439 vestris
897 411 925 439 in
944 412 1112 441 executione
1130 411 1196 441 Pre-

134 449 282 480 missorum
304 450 349 479 vel
363 449 478 485 alicujus
495 448 577 488 partis
592 457 710 485 eorum,
726 447 873 486 Rebelles‚
891 448 1098 487 Refractarios,
1113 449 1196 480 Con-

134 496 259 520 tumaces
273 489 328 518 live
347 486 548 517 inobedientes
561 493 605 514 aut
621 495 680 515 non
698 496 896 524 comparentes
911 498 1010 519 coram
1033 490 1131 526 vobis,
1147 490 1195 518 tri-

136 528 189 557 bus
212 528 256 560 vel
275 526 399 564 pluribus
414 524 537 555 vestrum
554 522 635 565 super
658 524 827 555 Monitione
848 526 938 565 aliqua
955 529 993 557 eis
1011 527 1091 565 data,
1116 528 1197 558 inve-

135 566 217 596 nietis
238 566 282 596 vel
301 574 373 604 quos
391 567 630 599 contemptuolos
653 564 682 592 in
707 564 797 594 verbis
822 564 904 594 factis
937 575 984 596 aut
1010 566 1089 603 gestu
1117 565 1196 603 super

135 604 303 635 executione
325 602 403 640 hujus
420 600 512 630 nostre
530 600 750 632 Commissionis
770 605 816 633 aiii·
836 604 948 641 alicujus
974 605 1057 642 partis
1073 604 1195 641 ejusdem

135 653 186 681 per
208 644 423 673 Sacramentum
446 640 560 677 alicujus
581 640 699 677 persone
719 640 764 670 vel
788 641 968 678 personarum
997 644 1094 680 (quod
1113 644 1196 672 vobis

134 690 234 712 tenore
258 679 428 718 presentium
455 677 629 708 Potestatem
653 679 756 709 damus
783 681 809 709 ei
834 680 878 710 vel
911 681 949 710 eis
979 680 1193 717 administrare)

134 720 317 758 comperietis
330 716 479 748 arrestandi
494 718 527 748 &
542 717 674 754 capiendi
690 719 723 748 &
747 717 867 748 Prisonis
888 717 988 748 nostris
1007 719 1042 749 de
1064 728 1194 757 tempore

133 759 164 788 in
185 767 294 794 tempus
312 757 389 795 juxta
402 755 594 786 Discretiones
612 755 714 786 vestras
727 755 794 786 duci
819 756 942 786 faciendi
957 758 989 787 &
1005 759 1195 788 committen—

134 797 182 834 di,
199 796 243 826 vel
261 795 311 826 sub
326 794 396 825 salva
412 793 552 824 Custodia
570 794 695 823 servandi
712 795 745 825 δε
761 794 857 825 durare
875 794 1014 834 faciendi,
1030 797 1124 826 donec
1140 807 1193 826 vo-

133 836 177 865 bis
190 832 240 865 uvel
258 835 344 864 tribus
363 833 486 863 vestrum
508 833 584 863 aliter
602 832 694 861 visum
720 832 803 862 fuerit
828 833 1001 864 deliberandi
1026 836 1059 866 ὃς
1086 834 1120 864 ad
1144 835 1196 865 lai·-

133 882 208 910 gum
223 875 262 904 ire
281 872 420 909 ficiendi,
435 880 482 901 aut
501 869 774 911 inPrisona-nostra
790 881 873 908 prout
888 872 962 902 casus
982 873 1010 902 in
1029 874 1056 903 se
1074 875 1195 911 exegerit

134 912 300 942 remanendi
314 912 347 942 &
360 909 565 946 continuandi,
579 911 724 946 quousque
750 918 802 939 nos
823 910 886 940 alias
901 920 954 949 pro
967 920 1069 941 eorum
1084 911 1194 942 delibe-

134 952 244 980 ratione
258 952 291 981 &
306 950 452 987 punitione
470 948 599 977 duximus
617 947 817 977 ordinandum.
833 948 870 979 Et
886 949 1020 980 volumus
1033 950 1110 989 quod
1128 960 1195 980 om—

135 990 167 1019 ni
179 989 369 1019 convenienti
381 986 560 1027 expeditione
576 986 659 1015 nobis
673 985 832 1016 certificetis
847 987 882 1017 de
899 988 994 1018 talium
1013 988 1193 1028 Delinquen-

132 1029 206 1058 tium
224 1027 420 1058 Contumacia
440 1026 472 1055 ὃς
492 1024 616 1054 Osteniis
630 1024 782 1064 respodiive
792 1048 801 1062 ,
811 1026 845 1057 &
859 1025 895 1056 de
909 1036 1003 1057 natura
1018 1029 1051 1059 &
1066 1027 1194 1066 qualitate

131 1066 288 1096 eorundem
306 1065 342 1095 de
359 1072 489 1100 tempore
504 1064 533 1092 in
553 1072 680 1101 tempuS,
698 1073 726 1094 ut
739 1063 886 1101 superinde
904 1065 1053 1095 celerrime
1067 1068 1195 1098 daremus

131 1105 160 1134 in
178 1103 323 1134 Mandatis
344 1102 460 1132 Privato
475 1100 613 1132 Concilio
632 1102 731 1132 nostro
749 1111 794 1132 aut
812 1103 890 1133 aliter
911 1104 1109 1140 provideamus
1127 1127 1136 1141 ,
1157 1105 1193 1134 ad

132 1142 361 1182 sequestrandum
378 1142 411 1171 ὃ(
427 1140 651 1179 suspendendum
665 1141 763 1182 omnia
779 1141 1001 1179 Officia,Feoda
1018 1144 1050 1173 &
1069 1143 1195 1180 proficua

131 1181 289 1211 eorundem
308 1181 408 1211 talibus
421 1179 658 1220 Delanuentibus
677 1179 847 1218 spectantia,
858 1180 952 1210 donec
968 1181 1004 1211 de
1024 1181 1127 1212 eisdem
1143 1181 1192 1212 ali-

127 1228 168 1251 ter
183 1219 329 1250 ordinetur
343 1227 429 1257 prout
441 1228 550 1256 equum
565 1220 598 1248 δε
611 1219 718 1256 juitum
740 1218 834 1248 fuerit.

165 1258 339 1289 Mandamus
368 1257 480 1295 insuper
505 1266 602 1287 tenore
630 1257 797 1295 presentium
823 1257 911 1288 tribus
932 1257 976 1287 vel
999 1257 1121 1294 pluribus
1136 1268 1188 1288 ve-

128 1297 215 1328 strum
228 1297 306 1334 supra
321 1296 417 1327 debita
431 1296 637 1326 examinatione
653 1295 686 1325 &
704 1295 877 1325 revelatione
896 1295 1111 1334 Premifforum,
1121 1306 1189 1333 pro-

128 1346 238 1374 ponere
253 1337 286 1366 &
301 1337 330 1365 in
345 1336 445 1373 scripta
457 1334 589 1364 reducere
605 1335 638 1364 &
653 1333 735 1362 nobis
752 1333 803 1363 sub
819 1334 938 1370 propriis
960 1335 1088 1364 manibus
1108 1344 1192 1366 certi-

128 1375 214 1405 ficare
233 1397 243 1413 ,
269 1384 318 1412 per
336 1373 428 1413 quales
439 1372 526 1410 justas
546 1374 580 1402 ἃς
600 1370 769 1401 honorificas
795 1372 852 1401 vias
867 1395 877 1410 ‚
906 1372 1007 1403 modos
1026 1375 1059 1405 ὃς
1078 1373 1189 1412 media,

129 1413 254 1450 Abusus,
271 1412 470 1449 Extortiones,
486 1408 688 1448 oppressiones
702 1431 712 1446 ,
745 1407 879 1439 Excefliis
906 1411 924 1429 ²*
945 1411 978 1441 &
998 1411 1190 1443 Enormitates

131 1451 258 1490 prediete
272 1453 305 1483 &
327 1460 427 1480 eorum
442 1449 567 1486 quelibet
583 1447 775 1478 reformentur
790 1448 822 1478 &
837 1447 959 1478 similiter
976 1459 1032 1487 quo
1049 1450 1139 1480 modo
1155 1453 1189 1483 δε

132 1500 218 1529 quam
237 1489 363 1521 celeriter
378 1488 768 1528 obviemusfflrecaveamas,
785 1486 960 1528 inhibeamus
979 1491 1012 1519 &
1031 1489 1190 1520 remedium

131 1530 314 1561 celerrimum
326 1537 360 1557 ac
374 1525 453 1556 finale
471 1524 655 1555 adhibeamus
669 1524 803 1553 omnibus
818 1524 1192 1565 Exac‘tionibusAExtortio-

129 1569 229 1605 nibus,
241 1565 378 1596 Abusibus
392 1564 425 1594 &
442 1561 675 1602 Oppreilionibus
688 1563 905 1601 quibuscunque
920 1566 1051 1601 prediffls
1066 1568 1095 1596 in
1112 1566 1190 1598 futu-

132 1608 217 1644 fflm,
236 1613 267 1634 ut
279 1603 425 1640 superinde
444 1611 493 1638 per
513 1610 652 1631 maturam
673 1600 924 1647 Deliberatipnem
940 1605 972 1634 ὃς
992 1605 1191 1635 consideratio-

131 1654 199 1675 nem
213 1653 282 1674 cum
298 1643 412 1674 Privato
425 1639 564 1670 Concilio
580 1639 679 1669 nostro
698 1639 811 1670 Metam
825 1649 986 1677 congruam
1005 1644 1038 1674 &
1054 1644 1189 1674 idoneam

130 1682 235 1713 eisdem
254 1678 497 1721 iinponamu33Et
510 1679 622 1709 ulterius
641 1687 690 1715 per
710 1678 848 1715 presentes
866 1679 1041 1711 Mandamus
1058 1681 1191 1713 firmiter-

129 1731 186 1760 que
204 1720 379 1759 injungimus
397 1718 480 1748 vobis
498 1717 586 1746 tribus
602 1718 647 1747 vel
666 1716 791 1754 pluribus
807 1718 951 1753 vestrum,
965 1720 1042 1757 quod
1062 1720 1098 1750 de
1115 1730 1189 1751 tem-

129 1770 198 1799 pore
216 1761 245 1790 in
263 1767 373 1796 tempus
390 1755 533 1794 processus
552 1755 584 1786 &
601 1755 808 1793 progressiones
828 1758 927 1787 vestras
952 1757 1030 1795 super
1059 1759 1112 1790 hac
1138 1770 1191 1789 no-

131 1799 184 1830 stra
203 1796 418 1828 Commiffione
437 1795 469 1825 &
493 1793 669 1825 Executione
687 1794 810 1831 ejusdem
829 1795 858 1824 in
877 1797 1013 1827 omnibus
1031 1798 1063 1827 ὃ(
1081 1798 1191 1837 lingulis

128 1836 268 1876 premissis
288 1836 321 1865 &
340 1834 464 1873 qualibet
483 1841 558 1870 parte
577 1842 678 1863 eorum
696 1833 794 1864 debite
812 1834 845 1864 δε
863 1835 991 1871 expedite
1017 1836 1100 1865 nobis
1128 1847 1191 1867 cer-

132 1876 246 1907 tificetis
263 1898 273 1913 ,
298 1881 330 1904 ut
356 1872 561 1903 Direetionem
579 1871 706 1902 nostram
726 1871 888 1902 ulteriorem
911 1872 1058 1910 superinde
1078 1876 1194 1912 prebea-

132 1913 260 1953 mus3Et
279 1913 332 1943 hec
351 1911 458 1949 presens
477 1909 655 1941 Commiffio
674 1908 769 1940 nostra
783 1911 832 1954 yel
847 1911 1107 1948 Duplicamentum
1123 1914 1194 1952 ejus-

131 1952 199 1983 dem
216 1953 269 1982 erit
283 1951 366 1981 vobis
381 1951 413 1981 δε
428 1949 545 1980 cuilibet
559 1949 685 1979 vestrum
697 1948 839 1980 sufficiens
858 1949 1045 1982 Warrantum
1065 1954 1098 1984 ὃς
1117 1952 1195 1983 Exo-

131 1991 242 2022 neratio
261 2000 314 2028 pro
333 1990 501 2020 executione
517 1987 725 2026 premissorum.

172 2030 240 2060 Nos
258 2029 370 2066 insuper
388 2028 522 2058 volumus
540 2027 573 2057 δε
592 2027 758 2057 mandamus
773 2037 807 2058 ac
825 2036 875 2065 per
893 2028 1028 2067 presentes
1045 2029 1144 2061 damus
1160 2030 1193 2061 &

133 2067 323 2099 concedimus
341 2067 418 2105 quod
437 2066 491 2097 hec
509 2065 603 2096 nostra
619 2065 797 2096 Commissio
815 2068 844 2097 vi
860 2068 893 2098 &
918 2069 1019 2099 virtute
1043 2071 1194 2101 continue-

132 2116 177 2138 tur
196 2108 230 2138 &
248 2105 456 2137 remanebit&
486 2104 564 2142 quod
587 2114 639 2135 vos
664 2104 733 2134 dieti
761 2104 1010 2138 Commiffionarii
1032 2108 1121 2138 nostri
1145 2108 1191 2140 vel

132 2145 209 2176 Tres
227 2153 274 2176 aut
294 2145 385 2183 plures
420 2143 545 2184 vestrum
570 2142 606 2174 de
630 2151 760 2181 tempore
785 2145 814 2174 in
841 2153 954 2183 tempus
979 2147 1139 2184 procedetis
1161 2148 1193 2178 in

131 2185 301 2221 executione
316 2182 440 2221 ejusdem
458 2183 490 2213 &
509 2181 698 2220 cujuscunque
716 2184 829 2214 materie
845 2185 879 2215 ὃς
894 2185 938 2218 rei
954 2186 984 2215 in
1002 2187 1101 2217 eadem
1121 2197 1194 2217 con-

132 2231 229 2260 tenta,
244 2231 419 2261 quamquam
436 2220 472 2251 de
489 2229 619 2259 tempore
634 2222 664 2250 in
683 2229 792 2260 tempus
809 2232 841 2252 ea
860 2232 920 2253 non
939 2227 1122 2256 continuatur
1141 2235 1191 2264 per

133 2262 424 2300 adjournamentum3
443 2259 555 2290 Damus
575 2260 659 2290 etiam
679 2260 812 2303 universis
834 2259 867 2292 &
887 2262 1002 2299 singulis
1015 2263 1192 2303 justiciariis,

134 2300 311 2330 Custodibus
326 2298 427 2338 Pacis,
441 2299 685 2336 Vicecomitibus‚
701 2298 879 2338 Majoribus,
892 2300 1017 2341 Ballivis,
1028 2301 1190 2334 Constabu-

133 2338 206 2369 lariis
226 2349 260 2369 ac
278 2339 413 2369 omnibus
430 2337 488 2367 aliis
499 2336 813 2376 Officiariis,Ministris
831 2340 864 2370 &
883 2339 992 2370 dileetis
1010 2341 1126 2373 subditis
1136 2353 1190 2373 no-

133 2376 196 2407 stris
210 2377 442 2415 quibuscunque,
457 2384 516 2406 tam
534 2376 604 2406 infra
623 2375 778 2406 Libertates
791 2386 876 2416 quam
891 2387 966 2409 exrra
980 2402 990 2418 ,
1008 2389 1107 2411 tenore
1126 2391 1191 2419 pre-

132 2415 254 2446 sentium
268 2415 384 2446 firmiter
399 2416 428 2444 in
448 2413 590 2444 Mandatis
610 2414 687 2452 quod
710 2415 793 2445 vobis
812 2416 846 2446 ὃς
868 2417 984 2448 cuilibet
1010 2419 1136 2450 vestrum
1159 2422 1190 2451 in

131 2456 303 2485 executione
323 2452 525 2494 premissorum
538 2452 738 2491 Intendentes,
754 2452 942 2486 Consulentes
959 2457 993 2488 &
1013 2457 1191 2489 Obedientes

131 2492 186 2522 fint
201 2494 229 2522 in
244 2493 378 2523 omnibus
392 2492 559 2530 diligenter,
574 2491 611 2522 Et
630 2492 708 2530 quod
726 2491 921 2524 Vicecomites
936 2494 1044 2534 nostri,
1057 2497 1192 2528 Corona-

132 2539 226 2569 tores,
247 2531 419 2562 seneschalli
437 2533 469 2562 δε
487 2530 584 2561 Ballivi
606 2530 781 2561 Libertatum
796 2533 829 2562 ὃς
847 2532 966 2570 quilibet
981 2544 1082 2565 eorum
1100 2537 1110 2573 (
1120 2546 1190 2567 cum

133 2569 275 2600 idoneum
299 2570 382 2600 vobis
398 2569 441 2599 vel
458 2570 544 2599 tribus
560 2569 686 2599 vestrum
703 2568 795 2599 visum
814 2570 913 2609 fuerit)
929 2572 964 2601 ad
980 2582 1073 2604 certos
1087 2574 1144 2604 dies
1158 2576 1192 2606 &

133 2608 199 2639 loca
221 2618 291 2646 quos
308 2609 355 2638 vel
371 2618 425 2645 que
444 2617 498 2638 vos
510 2608 584 2638 Tres
604 2608 648 2638 vel
667 2608 756 2645 plures
773 2608 898 2640 vestrum
922 2612 961 2640 eis
984 2611 1053 2642 scire
1074 2612 1193 2652 facietis,

134 2647 233 2676 venire
247 2646 351 2677 faciant
371 2647 404 2677 δε
423 2646 522 2684 faciat,
532 2656 631 2677 coram
650 2647 734 2677 vobis
746 2647 854 2677 Tribus
868 2647 913 2678 vel
927 2649 1052 2686 pluribus
1067 2651 1192 2682 vestrum

134 2684 171 2716 de
191 2694 319 2722 tempore
335 2686 364 2714 in
384 2693 496 2722 tempus
510 2708 520 2722 ,
546 2693 589 2715 tot
608 2685 641 2715 &
660 2686 727 2715 tales
746 2686 851 2723 probos
873 2687 906 2717 &
926 2688 1025 2725 legales
1047 2689 1194 2721 Homines

136 2732 195 2754 tam
213 2724 285 2754 infra
304 2723 460 2753 Libertates
477 2733 562 2760 quam
578 2732 654 2755 extra
668 2745 677 2761 2
699 2733 770 2761 quos
796 2725 897 2755 habere
915 2725 1096 2759 decreveritis
1112 2752 1122 2767 ,
1145 2741 1194 2768 per

134 2772 206 2800 quos
224 2762 264 2792 rei
283 2762 383 2792 veritas
398 2762 427 2791 in
446 2763 581 2792 omnibus
601 2762 634 2792 &
656 2763 769 2798 lingulis
788 2763 926 2801 premiffis
944 2766 1044 2797 melius
1063 2767 1123 2798 sciri
1140 2779 1193 2806 po-

134 2802 200 2830 terit
217 2800 251 2829 &
268 2800 380 2836 inquiri.
418 2800 551 2838 Denique
571 2800 648 2838 quod
667 2801 772 2830 sedulus
796 2801 882 2832 Ordo
907 2803 941 2833 ὃς
966 2806 1092 2843 expedita
1116 2808 1195 2838 series

133 2838 281 2876 capiantur
299 2846 352 2876 pro
369 2837 537 2879 revelatione
554 2841 588 2869 &
606 2838 793 2877 patefaetione
809 2841 940 2871 omnium
965 2843 997 2873 ὅ(
1020 2845 1195 2884 singulorum

133 2876 338 2915 premissorum
358 2875 391 2905 &
409 2874 444 2905 ad
463 2873 663 2916 stabiliendum
682 2879 782 2907 omnia
795 2879 908 2917 antiqua
926 2881 960 2911 &
978 2881 1072 2921 legalia
1089 2884 1195 2924 Feoda,

134 2915 169 2947 &
187 2915 223 2946 ad
241 2913 399 2944 tollendum
417 2915 450 2943 &c
470 2913 688 2943 reiormandum
705 2924 807 2944 omnes
824 2916 995 2949 Exafflones
1010 2943 1020 2957 ,
1049 2922 1195 2953 Extortio-

135 2964 203 2992 nes,
228 2952 358 2989 Abusus,
375 2951 586 2994 Corruptiones
605 2953 638 2983 ὃς
657 2951 849 2983 Enormitates
862 2955 1081 2996 qualescumque
1102 2962 1194 2997 predi-

138 2994 198 3023 ctas
217 2994 244 3022 in
264 2991 401 3021 omnibus
423 2989 518 3019 Curiis
533 2988 636 3019 nostris
655 2998 711 3020 tam
728 2990 929 3023 Ecclesiastici's
949 3004 1036 3033 quam
1058 2998 1194 3036 Tempo-

134 3032 237 3062 ralibus
253 3040 304 3067 per
323 3038 416 3060 totum
431 3028 566 3067 Regnum
582 3028 712 3058 nostrum
730 3028 832 3070 Anglie
851 3031 883 3060 δε
897 3031 1095 3071 Priiicipatum
1115 3037 1192 3067 Wal-

135 3069 170 3099 lie
185 3069 345 3107 predictos,
360 3068 428 3097 Nos
443 3067 556 3097 ulterius
575 3075 672 3098 tenore
691 3069 861 3104 presentium
883 3071 1049 3103 mandamus
1063 3075 1096 3104 &
1108 3076 1194 3113 jube-

135 3118 201 3138 mus
216 3109 249 3139 &
268 3107 387 3138 Plenam
404 3105 580 3137 potestatem
594 3107 627 3136 δε
651 3106 862 3137 Authoritatem
879 3107 979 3140 damus
999 3114 1032 3143 &
1052 3115 1191 3144 concedi-

135 3156 200 3177 mus
223 3146 359 3176 Domino
382 3144 559 3174 Cancellario
585 3143 684 3174 nostro
714 3144 817 3181 Anglie
845 3146 891 3176 vel
909 3147 1046 3179 Domino
1068 3150 1192 3184 Custodi

135 3185 245 3223 Magni
265 3184 355 3223 Sigilli
373 3182 463 3225 nostri
484 3182 588 3219 Anglie
603 3193 654 3221 pro
669 3191 800 3221 tempore
821 3183 974 3225 existenti,
1004 3187 1063 3219 fieri
1098 3190 1191 3223 facere

133 3223 268 3262 separales
286 3222 513 3253 Commissiones
534 3222 584 3251 sub
599 3221 713 3260 Magno
733 3221 834 3259 sigillo
851 3223 949 3254 nostro
971 3226 1075 3264 Anglie
1089 3229 1191 3261 talibus

133 3263 260 3299 personis
282 3261 360 3292 Fidei
379 3261 412 3291 &
431 3259 582 3298 Dignitatis
597 3282 607 3298 ,
627 3270 696 3300 quas
717 3270 769 3290 vos
784 3283 794 3298 ,
829 3270 947 3299 quatuor
969 3266 1015 3295 vel
1031 3267 1122 3303 plures
1141 3279 1190 3299 ve-

134 3300 223 3331 strum
243 3302 379 3338 (quorum
396 3298 504 3336 aliquos
525 3298 653 3328 vestrum
670 3297 825 3329 Comitem
845 3302 1015 3342 Manchester
1035 3327 1045 3343 ,
1083 3304 1190 3337 Comi-

135 3347 194 3368 tem
219 3337 361 3368 Arundell
376 3360 385 3375 ,
407 3336 559 3367 Comitem
585 3336 700 3376 Dorfttt
714 3361 724 3375 ,
748 3335 900 3368 Comitem
921 3342 1114 3382 Bridgwater,
1139 3346 1189 3376 Vi-

135 3377 313 3407 cecomitem
338 3374 512 3406 Wimbledon
531 3398 540 3413 ‚
570 3375 734 3406 Dominum
758 3379 917 3413 Conington
940 3401 950 3417 ,
980 3380 1111 3412 Thomam
1132 3385 1192 3414 Ed.

134 3415 226 3445 monds
249 3414 400 3452 Militem,
418 3416 564 3444 Henricum
581 3413 828 3453 Fane,Militem,
847 3416 1007 3454 Johannem
1023 3421 1092 3451 Coke
1107 3423 1190 3453 Mili-

132 3461 190 3485 tem
199 3476 208 3492 ,
221 3453 394 3492 Franciscum
408 3452 594 3482 Windebanke
604 3475 614 3490 ,
642 3452 772 3484 Militem
784 3476 794 3491 ,
813 3453 898 3486 Duos
912 3456 969 3486 esse
981 3458 1132 3497 volumus)
1152 3462 1189 3493 de

132 3501 263 3530 tempore
283 3493 312 3520 in
326 3500 437 3528 tempus
450 3491 476 3521 ei
495 3491 680 3522 nominabitis
694 3514 703 3529 ,
732 3491 765 3522 &
790 3492 826 3522 lic
847 3494 874 3523 ei
897 3494 1084 3531 significabitis
1106 3522 1116 3537 ‚
1139 3509 1188 3537 per

131 3532 268 3568 scriptum
289 3530 340 3560 sub
365 3529 505 3559 Manibus
526 3530 650 3560 vestrum
674 3529 828 3569 signatum,
849 3530 882 3561 ad
906 3533 1029 3564 eundem
1050 3535 1186 3569 effeetum

133 3571 167 3601 &
182 3578 312 3600 tenorem
329 3570 358 3598 in
374 3569 456 3598 omni
474 3577 503 3598 re
519 3567 682 3607 Materiali,
698 3569 767 3598 licut
784 3569 813 3598 in
834 3569 876 3600 his
901 3571 1002 3602 Literis
1016 3574 1117 3606 nostris
1132 3577 1187 3608 Pa-

131 3609 257 3639 rentibus
271 3607 433 3644 exprimitur
446 3615 517 3636 cum
530 3605 659 3637 Clausula
675 3606 820 3637 inserenda
834 3608 862 3638 in
878 3611 960 3640 omni
978 3611 1024 3641 tali
1038 3611 1189 3646 Commis-

131 3647 210 3677 sione
226 3647 258 3677 &
281 3645 540 3676 Commiffionibus
556 3667 566 3682 ,
593 3645 760 3676 mandamus
777 3646 877 3678 talibus
893 3649 1019 3687 personis
1038 3651 1075 3682 sic
1089 3656 1188 3684 nomi-

133 3685 232 3715 nandis
251 3684 329 3723 quod
344 3693 419 3714 totos
442 3683 585 3721 processus
599 3685 633 3715 ὃς
648 3683 853 3722 progressiones
873 3687 973 3718 exinde
994 3690 1077 3719 vobis
1092 3690 1188 3723 Com..

133 3723 313 3754 miffionariis
337 3722 437 3752 nostris
452 3721 583 3759 predictis
603 3722 639 3752 de
659 3730 789 3760 tempore
809 3724 838 3753 in
857 3731 968 3763 tempus
989 3728 1189 3763 certificabunt

132 3761 168 3792 ad
184 3769 275 3792 certos
293 3762 362 3792 Dies
377 3762 409 3791 ἃ
424 3761 521 3798 Loca,
537 3769 610 3799 quos
628 3760 673 3790 vel
689 3770 743 3799 que
758 3771 807 3791 vos
820 3771 940 3800 quatuor
961 3766 1006 3795 vel
1026 3767 1118 3804 plures
1138 3781 1190 3800 ve-

133 3800 223 3831 strum
246 3800 365 3836 predieti
382 3799 559 3831 constituetis
579 3799 612 3830 &
633 3798 836 3838 decreveritis,
866 3802 913 3832 Ac
928 3803 1074 3839 postremo
1091 3816 1188 3840 tenore

133 3837 303 3879 presentium
325 3839 427 3869 damus
442 3838 474 3869 &
493 3837 680 3867 concedimus
693 3837 776 3875 quod
789 3840 858 3869 tales
877 3841 993 3879 persone
1015 3843 1052 3873 sic
1072 3854 1121 3881 per
1136 3857 1188 3878 vos

134 3878 179 3908 vel
197 3875 262 3906 tales
281 3884 399 3913 quatuor
417 3886 462 3907 aut
477 3876 566 3914 plures
580 3874 705 3906 vestrum
719 3884 751 3906 ut
766 3877 918 3912 predicitur
936 3882 1125 3922 nominande,
1140 3886 1189 3916 ha-

137 3916 247 3947 bebunt
266 3914 445 3946 consimilem
469 3915 645 3946 potestatem
661 3915 695 3945 ὃς
711 3913 919 3956 Authoritatem
937 3927 989 3955 pro
1003 3923 1189 3955 examinatio-

136 3965 189 3992 ne,
202 3953 388 3990 revelatione,
409 3955 438 3983 in
459 3954 588 3985 uisitione
608 3953 641 3984 ὃς
659 3952 849 3990 disquisitione
865 3956 988 3987 veritatis
1007 3961 1140 3990 omnium
1153 3963 1187 3993 &1

117 3992 310 4031 ,singulorum
330 3991 421 4027 premi
445 4001 528 4022 orum
551 3993 580 4023 in
597 4000 657 4022 tam
677 3990 777 4028 amplis
799 3991 890 4022 modo
905 3993 938 4024 &
959 3994 1052 4026 forma
1067 4007 1098 4028 ut
1114 4000 1132 4029 fi
1148 4001 1187 4031 illi

135 4033 170 4063 &
191 4030 307 4068 quilibet
322 4038 424 4059 eorum
445 4031 662 4060 nominarentur
675 4030 708 4060 δε
723 4030 947 4067 exprimerentur
960 4033 1018 4065 esse
1039 4034 1187 4070 Commis-

137 4070 276 4102 fionarios
290 4069 319 4097 in
337 4067 381 4096 his
397 4067 499 4098 Literis
518 4068 619 4100 nostris
632 4067 802 4100 Patentibus.

181 4111 257 4139 Tom.
271 4108 355 4138 VIII.
370 4107 405 4136 P.
421 4108 471 4136 IV.

1246 171 1729 222 PUBLICA.
2260 202 2308 243 57

1279 257 1316 303 Et
1330 260 1450 299 denique
1465 264 1505 294 est
1522 265 1637 308 Regalis
1652 266 1745 297 nostra
1762 267 1899 299 Voluntas
1917 269 1949 299 &
1972 270 2000 300 in
2027 271 2190 302 mandatum
2210 274 2301 308 preci·
2323 267 2397 299 Ann-
2411 272 2450 302 D.

1238 304 1295 331 pue
1311 297 1411 341 damus
1427 302 1458 331 &
1475 313 1522 339 per
1538 304 1680 346 lJreientes
1695 307 1881 337 concedimus
1894 331 1903 345 ,
1930 309 2009 347 quod
2032 311 2131 340 omnia
2148 311 2182 340 &
2197 311 2300 349 lingula
2345 310 2433 346 1632-

1238 333 1625 380 Procellus,Progreiliones
1635 366 1644 380 ,
1661 343 1889 382 Disquisitiones‚
1903 345 2102 384 Inquisitiones
2112 373 2120 386 ,
2137 348 2300 385 Depoiiti'o-
2322 350 2374 373 An.
2384 359 2411 382 9-

1237 381 1286 402 nes
1308 373 1460 413 Testium,
1474 379 1653 411 Sacramenta
1664 381 1846 422 juratorum,
1866 383 2066 415 Ordinationes
2082 388 2113 417 &
2129 388 2227 416 omnia
2245 389 2295 418 alia
2326 388 2389 412 Car.
2402 396 2425 414 ¹-

1237 420 1516 457 quecunquelcapta,
1534 418 1641 456 habita,
1655 420 1746 457 faeta,
1759 422 1803 451 vel
1823 425 2117 462 executa,virrute‚vi
2135 426 2178 455 feu
2195 435 2292 456 tenore
2338 448 2357 467 ,ss
2427 453 2434 456 .

1235 459 1354 488 quatuor
1375 461 1501 496 priorum
1524 454 1768 493 Commiffionum
1785 461 1938 490 consimilis
1960 464 2063 492 tenoris
2089 466 2104 480 '⁵
2127 465 2154 493 in
2180 465 2294 496 diversis
2365 452 2448 479 xm*

1236 489 1320 519 rebus
1339 500 1408 520 cum
1429 491 1489 528 his,
1505 502 1622 536 quarum
1639 495 1733 527 Prima
1748 499 1882 528 concessa
1904 499 1954 529 fuit
1977 510 2024 537 per
2049 503 2292 538 prechariffimum
2359 499 2427 524 5²⁰·

1236 525 1350 557 Patrem
1366 528 1495 572 nostrum
1521 532 1680 573 prediorum
1700 557 1709 572 ‚
1737 536 1787 565 sub
1812 538 1925 575 Magno
1947 537 2049 574 Sigillo
2075 551 2174 575 gerens
2196 542 2291 572 datam

1234 565 1342 610 oCtavo
1356 567 1402 598 dre
1418 570 1525 597 Martii
1540 579 1567 597 in
1586 569 1674 601 Anno
1689 572 1827 604 vicesimo
1842 575 1938 613 Regni
1954 576 1991 605 sui
2007 579 2127 617 Afzssl¹³03
2141 580 2177 610 Et
2191 580 2293 610 secun—

1235 603 1270 647 da
1286 603 1338 635 fuit
1352 607 1485 637 concessa
1500 616 1549 643 per
1562 617 1612 636 nos
1627 617 1723 646 gerens
1738 610 1841 642 Damm
1865 614 2001 644 vicennio
2019 620 2125 647 octavo
2139 619 2185 647 die
2206 619 2290 657 Jum'i

1235 651 1264 671 ln
1284 643 1375 674 Anno
1390 646 1475 675 tertio
1494 644 1590 684 Regni
1610 646 1697 676 nostri
1717 649 1834 687 Anglie,
1854 652 1887 681 δε
1907 661 1986 683 tertia
2010 657 2141 686 concerta
2163 658 2216 688 fuit
2239 669 2290 698 per

1235 690 1288 710 nos
1306 691 1405 720 gerens
1422 685 1517 714 datam
1535 685 1662 715 secundo
1680 685 1725 715 die
1742 688 1897 726 Februarii,
1911 691 1938 719 in
1959 693 2046 722 Anno
2070 697 2170 731 quinto
2193 697 2290 727 Reoni

1235 719 1324 750 nostri
1339 721 1460 760 Anglie,
1476 723 1509 752 δε
1525 732 1620 761 quarta
1635 724 1719 754 etiam
1744 727 1875 756 concessa
1896 728 1946 758 fuit
1968 739 2015 766 per
2034 731 2102 763 Nos
2124 743 2223 770 ferens
2240 721 2290 766 da-

1235 765 1294 787 tam
1313 759 1429 790 decimo
1448 760 1571 798 septimo
1585 761 1632 793 die
1646 762 1756 802 Aprilis
1768 764 1795 792 in
1812 764 1898 794 Anno
1916 768 1990 798 sexto
2008 769 2101 809 Regni
2118 759 2205 803 niostri
2223 778 2293 804 An-

1232 794 1287 832 glie
1304 798 1337 828 &
1354 800 1488 829 omnium
1507 800 1623 831 aliarum
1639 801 1776 840 ejusmodi
1789 801 2035 837 Commillionum
2052 811 2150 841 exinde
2168 822 2291 843 conces-

1234 835 1345 874 sarum,
1357 846 1410 880 pro
1428 838 1768 877 consimililnquifiti'one
1787 841 1824 870 de
1840 840 2280 883 Exaffionibus,Exim—tionibus

1235 872 1380 905 Innovatis
1402 875 1516 906 Officiis
1534 879 1568 908 ὅ(
1585 878 1643 908 aliis
1660 880 1742 909 rebus
1768 880 1858 916 (sicut
1876 890 1924 916 per
1948 884 2053 915 easdem
2074 888 2180 924 plenius
2201 876 2290 927 lique}

1235 913 1269 955 §c
1287 916 1418 957 apparet)
1439 923 1518 945 erunt
1535 917 1563 945 in
1583 918 1722 948 omnibus
1743 917 1777 948 δε
1794 918 1829 948 ad
1849 928 1950 950 omnes
1966 922 2080 953 effeciua
2095 949 2104 963 ,
2135 930 2273 966 propofita

1235 959 1405 994 intentiones
1420 955 1453 985 ὃς
1474 954 1703 986 constructiones
1724 956 1945 996 qualescunque²
1963 961 2052 991 valida
2069 964 2099 993 &
2121 965 2221 997 lenalia
2258 953 2292 998 a}

1236 989 1361 1026 ejusdem
1377 992 1487 1035 virtutis
1503 1002 1572 1023 curn
1592 993 1786 1032 Proceffibus,
1804 994 2063 1037 Progrellionibus,
2084 990 2290 1041 Disq‘iuiitieni-

1236 1027 1304 1065 buS‚
1321 1027 1561 1073 inquisitionibus,
1576 1031 1811 1069 Depositionibus
1825 1034 1960 1065 Testium
1977 1059 1987 1074 ,
2008 1036 2169 1073 juratorum
2192 1044 2292 1075 Sacra-

1237 1075 1357 1109 mtentiS,
1371 1068 1605 1100 ordinationibus
1620 1072 1652 1101 ὃ(
1667 1074 1806 1103 omnibus
1820 1073 1877 1103 aliis
1893 1073 1974 1104 Aeris
1989 1077 2213 1119 quibuicunque,
2235 1094 2290 1120 que

1236 1103 1346 1135 Virtute
1363 1107 1395 1136 ἀ
1411 1106 1528 1149 Tenore
1544 1108 1713 1146 presentium
1731 1113 1878 1148 capientur
1892 1135 1901 1149 ,
1923 1113 1990 1144 fient
2012 1137 2021 1151 ,
2047 1115 2220 1150 habebuntur
2245 1123 2291 1153 vel

1234 1145 1470 1186 exequentur3Et
1486 1147 1561 1190 quod
1578 1147 1615 1177 he
1632 1147 1727 1179 Litere
1743 1151 1838 1180 nostre
1854 1150 1983 1182 Parentes
1999 1152 2032 1183 ad
2047 1163 2148 1185 omnes
2163 1159 2280 1190 effecius

1234 1180 1383 1219 Proposita
1402 1185 1434 1215 ὃς
1448 1184 1620 1215 Intentiones
1634 1196 1691 1217 tarn
1708 1189 1850 1225 beniene,
1864 1189 1948 1226 plene
1964 1191 1996 1221 &
2013 1192 2108 1228 ample
2124 1184 2291 1228 construen:

1233 1220 1367 1289 [ειέἶτέίῐεῗῐ
1385 1221 1453 1252 Nos
1471 1223 1582 1255 easdem
1600 1225 1717 1256 Tenore
1734 1223 1911 1259 Prelentium
1930 1229 2103 1261 intendimus
2118 1233 2151 1263 &
2172 1238 2290 1273 provisas

1305 1269 1344 1289 vo
1356 1270 1448 1291 umus.

1268 1335 1301 1365 In
1318 1338 1396 1376 cujus
1411 1339 1468 1376 rei,
1487 1339 1548 1371 ἃς.

1252 1412 1359 1460 ..Τείὶε
1372 1413 1457 1454 Rege
1472 1416 1546 1456 apud
1560 1416 1815 1458 Wstmonasterium
1823 1443 1833 1458 ,
1849 1420 1964 1452 decimo
1982 1422 2102 1463 septimo
2117 1424 2162 1456 die
2177 1426 2297 1458 Februa-

1230 1462 1275 1481 ru.

1985 1502 2038 1529 Per
2055 1502 2138 1540 imen
2155 1506 2263 1542 Regem.

1232 1616 1278 1648 De
1296 1619 1454 1652 Wzrrcmto
1473 1617 1592 1662 Custodi
1609 1618 1644 1652 de
1663 1620 1690 1652 le
1711 1621 1815 1664 Fieer,
1837 1622 1880 1655 ad
1900 1623 2126 1659 deliberandum
2147 1629 2296 1665 Williel-

1373 1678 1463 1699 mum
1483 1670 1608 1713 Prynn,
1631 1671 1854 1703 Locnmtenem
1873 1673 1980 1706 Turris
2000 1675 2151 1710 London.

1235 1749 1291 1803 R
1303 1750 1467 1796 Εὶζχὸῑε.
1501 1751 1628 1796 'Custodi
1652 1753 1768 1785 Prisone
1788 1756 1883 1787 nostre
1897 1757 1934 1788 de
1952 1759 1977 1789 le
1996 1758 2089 1797 Fleet,
2107 1761 2244 1796 Salutem.
2318 1763 2397 1795 Ann.
2410 1765 2454 1796 D:

1330 1790 1401 1819 Tibi
1430 1799 1602 1835 precipimus
1632 1791 1748 1822 firmiter
1779 1793 1958 1833 injungentes
1975 1821 1983 1835 ,
2011 1800 2088 1836 quod
2119 1802 2297 1834 bl'illielmum
2346 1804 2431 1843 1633.

1234 1829 1331 1871 Prynn
1355 1837 1406 1864 per
1426 1827 1691 1872 Considerationem
1710 1830 1800 1863 Curie
1818 1834 1910 1864 nostre
1931 1844 2028 1866 coram
2047 1837 2146 1869 Nobis
2161 1843 2193 1872 Sc
2210 1842 2298 1874 Con·
2320 1845 2416 1878 Par-9·

1234 1865 1295 1895 silio
1314 1866 1413 1896 nostro
1432 1876 1466 1911 ‘m
1484 1866 1610 1898 Camera
1624 1868 1738 1900 stellata
1753 1869 1870 1902 Carceri
1893 1876 2083 1911 mancipatum
2107 1877 2178 1908 dum
2198 1874 2305 1913 vixerit
2318 1884 2380 1908 Car.
2394 1888 2450 1917 ῐ-Ρ·

1237 1913 1413 1935 moraturum
1430 1915 1458 1935 in
1474 1905 1596 1949 eodem,
1613 1906 1646 1936 &
1659 1907 1709 1937 sub
1729 1907 1866 1940 Custodia
1886 1911 1977 1942 vesti-a
1995 1914 2159 1946 existentem
2177 1927 2207 1949 ut
2229 1921 2299 1950 dici·
2324 1928 2394 1954 ¹3J1·
2407 1929 2415 1947 ¹
2427 1929 2449 1949 1-

1235 1950 1297 1981 tur,
1317 1943 1541 1987 Locumtenenti
1556 1943 1658 1987 nostro
1678 1945 1780 1976 Turris
1799 1949 1932 1986 London,
1957 1961 2005 1988 per
2029 1951 2210 1986 indenturam
2228 1959 2300 1990 inter
2318 1958 2380 1992 dors.

1236 1991 1288 2011 vos
1311 1981 1525 2012 conficiendam
1544 1983 1658 2021 liberes,
1673 1985 1702 2014 in
1722 1984 1812 2015 Turri
1829 1987 1953 2024 prediela
1968 1989 2039 2020 dum
2055 1992 2155 2025 vixerit
2170 1995 2246 2027 salvo
2262 1998 2297 2029 &

1235 2020 1330 2050 secure
1349 2019 1578 2051 custodiendum.

1233 2096 1359 2166 brigge
1378 2097 1458 2138 Rege
1483 2098 1557 2138 apud
1585 2098 1845 2140 westmonasterium
1863 2125 1874 2142 ,
1902 2105 2040 2137 vicesimo
2066 2117 2169 2147 quarto
2185 2110 2231 2143 die
2246 2115 2298 2143 Fe-

1980 2185 2034 2214 Per
2050 2185 2133 2226 ipficm
2150 2190 2257 2227 Regem.

2239 2268 2301 2275 a*

1234 2304 1282 2335 De
1299 2304 1462 2337 Warranto
1476 2304 1602 2349 speciali
1618 2306 1842 2340 Locumtenenti
1861 2308 1967 2342 Turris
1986 2310 2142 2351 London,
2168 2313 2212 2347 ad
2234 2319 2294 2349 Re-

1277 2352 1444 2433 }iqiendum
1480 2356 1589 2399 Corpus
1619 2353 1789 2389 Willielmi
1815 2359 1924 2402 Prynn
1947 2380 1958 2397 ,
1995 2371 2016 2391 a
2053 2360 2173 2405 Custode
2201 2363 2237 2397 de
2267 2366 2295 2398 le

1318 2411 1377 2435 eet·

1236 2485 1385 2540 REX,
1405 2486 1468 2518 &c.
1503 2487 1604 2519 Turris
1619 2487 1713 2520 nostre
1726 2490 1845 2521 Loudon
1863 2491 2087 2526 Locumtenenti
2109 2497 2225 2538 nostro,
2245 2499 2296 2532 Sa-
2315 2509 2446 2541 Ame,

1314 2526 1412 2556 lutem.

1270 2563 1361 2594 Vobis
1377 2564 1545 2595 mandamus
1559 2565 1638 2605 quod
1657 2565 1836 2597 Willielmum
1852 2571 1956 2610 Prynn,
1964 2581 2012 2609 per
2031 2572 2293 2607 Considerationem
2317 2552 2431 2614 p21ae63f'

1234 2601 1323 2632 Curie
1339 2602 1435 2646 nostre
1453 2613 1553 2647 coram
1573 2605 1656 2634 nobis
1675 2605 1707 2635 δε
1726 2604 1856 2637 Consilio
1875 2609 1974 2639 nostro
1992 2612 2020 2640 in
2038 2610 2163 2643 Cameria
2179 2614 2293 2646 stellata
2315 2607 2373 2654 cir·
2391 2602 2421 2652 ,λ

1235 2640 1350 2677 Carceri
1364 2651 1575 2680 mancipatum,
1588 2642 1658 2672 dum
1677 2645 1774 2674 vixerit
1791 2645 1818 2674 in
1837 2647 1941 2676 eodem
1964 2657 2159 2689 moraturum,
2182 2652 2217 2684 de
2233 2653 2294 2684 Cu·
2322 2646 2348 2690 ,ζ
2371 2648 2387 2691 ’ῃ
2406 2633 2447 2690 ,Ρ

1235 2678 1315 2710 stode
1335 2680 1452 2710 Prisone
1467 2679 1563 2710 nostre
1580 2681 1616 2710 de
1634 2681 1659 2711 le
1677 2681 1767 2720 Fleet,
1783 2684 1831 2720 qui
1851 2685 1994 2722 prefatum
2015 2687 2193 2719 Willfelmum
2214 2694 2296 2723 vobis
2316 2685 2375 2730 Αἵ·
2394 2685 2398 2690 ’
2422 2684 2448 2691 ss

1235 2717 1272 2748 de
1290 2717 1431 2748 Mandato
1450 2718 1549 2748 nostro
1566 2719 1733 2750 liberaturus
1758 2721 1799 2750 est
1818 2744 1828 2759 ,
1857 2733 1908 2762 per
1934 2723 2116 2756 Indenturam
2144 2729 2217 2759 inter
2244 2742 2295 2761 vos
2334 2706 2377 2739 's‘

1237 2756 1463 2801 conficiendam,
1481 2757 1655 2801 Recipiatis,
1668 2758 1820 2802 Ipsumque
1839 2762 1866 2790 in
1884 2762 1986 2792 eadem
2005 2763 2093 2794 Turri
2109 2768 2201 2796 nostra
2216 2768 2294 2799 salvo

1233 2795 1266 2825 ὅ(
1284 2795 1380 2826 secure
1391 2796 1479 2832 (dum
1496 2796 1763 2833 Vixerit)custodiri
1776 2799 1881 2830 faciatis
1888 2802 1940 2839 ,δε
1954 2801 2011 2833 hoc
2029 2804 2187 2835 nullatenus
2201 2808 2289 2837 omit-

1235 2833 1297 2864 tatis
1312 2833 1363 2864 sub
1382 2833 1510 2871 periculo
1527 2834 1604 2872 quod
1624 2836 1777 2867 incumbit.

1237 2947 1252 2976 b
1271 2909 1360 2954 Teste
1381 2909 1460 2948 Rege
1478 2909 1551 2947 apud
1575 2910 1833 2952 Wstmonasterium
1851 2935 1862 2951 ,
1893 2915 2030 2946 vicesimo
2054 2926 2153 2955 quarto
2180 2920 2227 2951 die
2244 2925 2294 2951 Fe-

1254 2958 1353 2977 ruarlt.

1981 2994 2035 3022 Per
2052 2993 2135 3034 {ostem
2151 2999 2258 3035 Regem.

1359 3112 1380 3133 *
1404 3112 1453 3144 Dc¹
1470 3112 1607 3143 Licentia
1623 3111 1746 3158 eligendi
1755 3124 1810 3159 pro
1829 3115 1964 3162 Epiftopo
1980 3117 2155 3153 Hereford.
2311 3138 2331 3159 a
2344 3141 2427 3169 XIX„

2339 3188 2404 3213 521.

2312 3215 2390 3248 Anti.
2404 3216 2447 3249 D.

2331 3256 2419 3295 1633.

2312 3298 2361 3321 Par
2376 3304 2405 3328 9.

2313 3337 2375 3360 Car.
2398 3342 2424 3362 ¹.

2310 3380 2334 3409 p.
2343 3380 2350 3397 i
2359 3372 2439 3400 2.n.6.

1232 3195 1321 3250 RE
1332 3195 1379 3234 X,
1398 3196 1524 3239 Dileitis
1539 3195 1639 3226 Nobis
1657 3197 1685 3226 in
1704 3197 1843 3238 Christo,
1864 3203 1972 3230 Decano
1990 3201 2028 3238 &0
2046 3205 2169 3244 capitulo
2178 3204 2282 3238 Eccle-

1309 3235 1345 3265 sie
1365 3234 1540 3265 Cathedralis
1557 3233 1707 3273 Herefora',
1728 3236 1861 3268 Salutem.

1266 3272 1311 3303 Ex
1330 3283 1406 3312 parte
1423 3273 1513 3303 vestra
1530 3272 1630 3303 Nobis
1648 3274 1688 3304 est
1705 3275 1848 3306 humiliter
1866 3276 2073 3318 supplicatum,
2097 3289 2127 3311 ut
2145 3292 2214 3312 cum
2229 3282 2288 3315 Ec-

1227 3311 1310 3342 cleiia
1325 3312 1450 3351 prediCta
1467 3320 1502 3341 ex
1517 3312 1683 3348 quibusdam
1703 3313 1900 3345 occasionibus
1918 3318 2097 3349 mentionatis
2120 3321 2148 3349 in
2163 3322 2286 3358 quodam

1229 3351 1308 3381 brevi
1327 3350 1375 3380 sub
1395 3348 1510 3389 Magno
1527 3349 1628 3388 sigilio
1643 3349 1741 3381 nostro
1754 3353 1857 3389 Anglie
1871 3353 1962 3384 Vobis
1977 3355 2100 3394 directo,
2106 3366 2221 3396 gerente
2236 3361 2288 3391 da-

1228 3397 1287 3419 tam
1303 3388 1441 3419 vicesimo
1458 3389 1567 3418 oistavo
1586 3388 1633 3418 die
1651 3390 1790 3428 oclobris,
1805 3392 1906 3422 ultimo
1924 3395 2056 3430 preterito
2076 3403 2145 3427 tunc
2165 3408 2286 3430 vacave-

1229 3435 1270 3466 rat
1286 3449 1296 3465 ,
1325 3436 1407 3465 atque
1422 3427 1586 3456 ecianinum
1603 3435 1686 3457 vacet
1705 3429 1738 3459 &
1758 3429 1880 3459 Pastoris
1896 3430 2012 3461 Solacio
2033 3432 2064 3462 sit
2082 3433 2230 3474 destituta,
2249 3448 2286 3468 eo

1226 3466 1304 3504 quod
1328 3465 1512 3496 Reverendus
1538 3465 1567 3494 in
1592 3464 1708 3496 Christo
1731 3466 1812 3497 Pater
1836 3466 1985 3506 Godfridm-
2010 3470 2099 3502 modo
2124 3473 2284 3513 Episcopus

1225 3502 1437 3544 Glaucestrienfis
1463 3512 1510 3540 per
1532 3512 1584 3533 vos
1601 3513 1691 3541 nuper
1711 3504 1838 3535 Licentia
1858 3506 1952 3538 nostra
1969 3508 2042 3544 prius
2059 3512 2144 3549 petita
2166 3514 2200 3544 δε
2225 3515 2280 3544 ob-

1225 3550 1318 3579 tenta,
1337 3543 1366 3572 in
1384 3541 1588 3579 Episcopatum
1601 3541 1741 3579 Hereford
1750 3544 1871 3581 eleetus,
1885 3554 1938 3582 pro
1951 3546 2063 3576 diverlis
2078 3551 2163 3580 caulis
2179 3550 2277 3582 Nobis

1225 3580 1387 3611 humillime
1400 3580 1530 3610 exhibitis
1545 3602 1554 3617 ‚
1577 3581 1606 3610 in
1624 3580 1751 3617 prediCto
1768 3581 1939 3620 Episcopatu
1957 3583 2158 3627 Gloucqslrierfi
2170 3589 2280 3621 diucius

1224 3617 1330 3658 preesse
1347 3619 1479 3648 desiderat
1494 3618 1527 3648 &
1540 3617 1606 3648 ideo
1619 3619 1788 3649 electionem
1811 3621 1966 3657 predictam
1987 3627 2180 3663 renunciavit,
2194 3628 2281 3659 alium

1229 3657 1319 3688 Vobis
1336 3656 1455 3696 eligendi
1473 3656 1503 3685 in
1521 3655 1695 3696 Episcopum
1714 3658 1747 3688 δε
1765 3658 1913 3689 Pastorem
1937 3682 1947 3698 ,
1980 3661 2139 3693 Licentiam
2154 3665 2282 3697 nostram

1226 3695 1416 3726 fundatoriam
1435 3694 1527 3724 Vobis
1545 3696 1704 3725 concedere
1722 3696 1908 3734 dignaremur.

1264 3733 1333 3764 Nos
1348 3733 1479 3774 precibus
1497 3731 1594 3763 vestris
1612 3734 1639 3762 in
1659 3734 1711 3763 hac
1729 3744 1806 3771 parte
1824 3737 2013 3767 favorabiliter
2027 3738 2164 3778 inclinati,
2174 3742 2282 3774 Licen-

1225 3774 1294 3803 tiam
1313 3771 1389 3802 illam
1404 3771 1497 3801 Vobis
1514 3780 1612 3801 tenore
1632 3772 1800 3808 presentium
1819 3774 1949 3804 duximus
1969 3777 2279 3817 coiicedeiidarn;R0.

1224 3820 1324 3851 gantes
1341 3821 1374 3841 ac
1394 3811 1422 3839 in
1441 3809 1496 3839 fide
1514 3810 1547 3841 &
1563 3809 1716 3840 dilectione
1731 3812 1831 3848 quibus
1844 3812 1939 3842 Nobis
1957 3816 2108 3852 tenemini,
2117 3820 2280 3857 precipien-

1225 3859 1266 3880 tes
1286 3872 1296 3887 ,
1333 3848 1411 3886 quod
1436 3848 1521 3890 talem
1539 3847 1628 3888 Vobis
1652 3849 1757 3886 eligatis
1773 3851 1801 3878 in
1821 3850 1996 3888 Episcopum
2016 3855 2048 3883 δε
2069 3852 2214 3887 Pastorem
2232 3862 2282 3897 qui

1228 3887 1296 3918 Deo
1314 3888 1451 3923 devotus,
1470 3885 1622 3923 Nobilque
1639 3886 1672 3917 &
1691 3887 1798 3925 Regno
1817 3888 1917 3918 nostro
1935 3890 2005 3920 utilis
2024 3892 2056 3922 ὃς
2076 3891 2164 3924 fidelis
2175 3897 2283 3929 existat.

1265 3937 1298 3968 In
1319 3936 1398 3974 cujus
1416 3935 1472 3971 rei,
1491 3935 1552 3965 &c-

1253 3992 1354 4039 ¹[Teste
1376 3990 1462 4029 Rege
1483 3989 1555 4028 apud
1573 3989 1850 4031 Westmonastermm,
1872 3993 2010 4025 vicesimo
2024 3994 2101 4027 sexto
2114 3996 2160 4029 die
2173 4000 2293 4030 Februa-

1231 4042 1277 4064 Μ’
1707 4069 1778 4145 HPer
1796 4071 1889 4100 Breve
1904 4070 1937 4101 de
1950 4073 2071 4103 Privato
2080 4074 2170 4113 Sigillo
2180 4075 2256 4113 ,(ξῖνῑ.

2252 4126 2303 4153 Re-
