2536 4255
767 89 884 153 fizssr
965 89 1231 141 ACTA
1314 90 1761 150 'PU'B'Lchi

22 193 77 224 inti.
92 184 130 215 D.
189 185 363 217 Consimiles
382 185 466 217 etiam
490 185 599 217 Literas
616 186 748 218 Patentes
771 185 859 216 habet
872 184 1022 224 Johannes
1043 184 1212 222 Newdigate

9 238 10 241 =
26 223 110 261 1625.
149 223 184 255 de
197 224 286 254 Com'
305 224 393 254 War'.

21 264 53 311 ln.
75 271 99 325 ιι.
185 263 274 294 Teste
287 261 371 301 Rege
385 262 459 301 apud
474 263 612 300 Rma'ae’ng,
629 262 765 293 viceiimo
779 260 906 292 secundo
920 260 980 292 Die
993 262 1168 292 Novembris.

23 310 62 329 ar.
101 319 108 326 .

1292 216 1294 219 ,
1499 216 1502 219 ,
1624 217 1628 221 ,
1686 220 1688 222 ,
1721 192 1840 224 DERB’.
1970 218 1973 222 v
2113 213 2116 227 ;
2212 216 2229 226 a
2318 193 2395 224 Ann.
2408 195 2443 226 13·

1292 224 1456 256 Consimilis
1480 226 1659 270 Commiffio
1678 228 1782 260 direffl
1798 228 1938 263 Gilbertm
1955 231 2071 273 Kinston
2086 231 2193 270 Militi,
2209 235 2301 262 Fran-
2336 229 2422 271 162'5.

1247 262 1313 306 'cisio
1329 264 1412 292 Cooke
1426 264 1532 307 Militi,
1548 269 1664 296 Hem-o
1678 269 1783 305 Agard
1795 268 1900 308 Militi,
1915 273 1947 301 ὅ(
1960 270 2090 309 Johann}
2105 269 2231 300 Bullocke
2243 272 2297 302 Ar—
2311 272 2364 298 ‘An-
2385 282 2407 301 1.

1250 310 1363 338 migero
1374 324 1383 339 ,
1403 302 1453 331 hiis
1477 312 1596 339 quatuor
1618 306 1707 335 tribus
1722 307 1766 335 vel
1780 306 1891 336 duobus
1911 310 2054 346 (quorum
2070 309 2187 347 predicti
2203 312 2293 339 Fran·
2309 313 2371 337 Car.
2395 316 2420 339 i.

1246 342 1269 368 ci
1283 351 1326 369 cus
1345 340 1430 369 Cooke
1451 341 1484 371 ὃς
1504 340 1650 377 Johannes
1666 342 1793 373 Bullocke
1807 344 1860 373 sint
1871 344 1950 379 duo)
1966 347 1998 376 ad
2014 348 2212 384 inquirendum
2228 347 2294 385 post

1246 376 1379 408 Mortem
1393 381 1506 408 Henrici
1520 379 1670 416 Cavendifh
1685 379 1801 416 Militis,
1819 382 1852 412 ὃς
1868 382 1903 412 de
1921 383 2015 414 Terris
2026 409 2033 419 ,
2053 388 2113 416 &c.

1281 416 1372 447 Teste
1390 415 1475 456 Rege
1490 416 1565 454 apud
1581 417 1858 457 Westmonasterium,
1876 420 1995 458 septimo
2009 423 2067 453 Die
2081 426 2164 455 Maii.

5 370 9 432 ἑ
194 388 406 434 Commzffiones
426 387 486 436 post
507 391 645 421 Mortem
662 392 692 420 in
702 386 888 435 sbparalibns
906 387 1102 421 comitatibus
1121 386 1158 421 de

500 439 591 469 Anno
611 439 708 482 primo
736 437 847 471 Caroli.

0 542 71 565 lirin.
86 531 128 562 D.
151 526 207 580 R

16 571 98 609 1625.

15 614 47 638 ln.
65 620 87 639 i.

15 653 55 676 ἴαν.
75 658 98 676 1.

14 694 87 715 ata.

14 729 54 754 'ar-
73 735 96 754 1.

12 766 73 799 ·²4·

212 525 236 557 E
246 526 294 562 X,
311 524 373 555 δῖε.
402 521 524 553 Dilee'tis
537 521 586 552 fibi
600 522 712 560 Georgia
725 519 870 562 Rayrhond
880 521 1031 553 Generoso
1040 549 1048 561 ,
1066 524 1202 554 Edvardo

227 563 294 594 Hill
307 561 472 607 Generoso,
489 561 607 590 Roberto
622 561 714 600 Veifty
727 561 889 599 Generoso,
906 562 938 592 &
957 564 1036 591 Petro
1051 564 1124 592 Bird
1138 563 1201 594 Ge-

146 602 262 638 neroso,
278 601 411 631 Salutem.
448 600 549 629 Sciatis
564 600 642 636 quod
657 601 854 638 assignavimus
868 610 920 630 vos
932 609 1068 638 quatuor,
1087 601 1131 631 vel
1146 611 1201 631 tres

145 639 270 670 vestrum
291 641 435 677 (quorum
452 647 503 667 vos
516 638 655 675 prefatum
670 641 811 675 Georgium
829 639 972 677 Raymona'
983 639 1016 669 ὅ(
1033 640 1200 669 Edvardum

144 678 211 708 Hill
232 677 303 708 duos
327 676 384 707 effe
407 676 554 712 volumus)
572 677 606 707 ad
626 677 824 715 inquirendum
840 687 888 714 per
901 677 1118 709 Sacramentum
1153 688 1200 708 ro-

142 717 249 747 borum
266 717 298 746 &
313 715 445 753 legalium
460 715 625 746 Hominum
641 715 677 745 de
693 715 824 755 predieffi
838 716 985 746 Comitatu
999 716 1098 746 nostro
1142 715 1198 746 lou-

142 754 246 795 cestrie,
265 762 323 785 tam
338 754 410 784 infra
427 753 600 791 ubertates,
618 764 703 791 quam
717 763 803 792 extra,
822 763 871 791 per
885 764 956 792 quos
970 756 1010 785 rei
1022 755 1124 785 veritas
1138 764 1199 785 me-

139 794 192 824 lius
209 793 274 829 sciri
294 794 414 831 porerit,
433 801 572 830 quantum
592 792 674 822 Terr'
693 794 726 824 ὃς
748 793 922 824 Tenement'
940 792 1086 824 Dominus
1102 797 1200 823 Cotton

140 831 304 863 Generosus
322 831 489 868 defundhm,
508 839 554 860 aut
572 830 671 869 aliquis
692 832 760 862 alius
783 831 839 861 sive
861 832 945 870 aliqui
967 832 1011 862 alii
1026 832 1061 862 ad
1079 832 1135 869 ejus
1150 832 1198 863 U-

123 870 217 909 usum,
238 870 328 901 tenuit
341 879 388 901 aut
402 878 553 901 tenuerunt
569 869 605 899 de
618 869 702 900 nobis
721 872 749 900 in
767 871 877 909 capite,
896 879 954 901 tam
969 871 998 900 in
1015 870 1196 911 Dominico,

139 919 227 947 quam
247 911 275 939 in
293 908 424 939 Servicio
439 909 467 937 in
485 907 635 938 Comitatu
650 909 789 947 predusto,
808 908 867 939 Die
882 919 940 947 quo
959 909 1035 940 idem
1050 909 1198 941 Dominus

141 948 235 986 obiit,
251 949 285 979 ὅ(
306 956 443 985 quantum
466 946 502 976 de
524 945 599 985 aliis,
613 947 646 977 &
662 957 710 984 per
722 946 994 986 quodrServicium,
1012 948 1046 979 &
1058 956 1197 987 quantum

140 986 231 1016 Terre
256 987 289 1017 δε
311 986 491 1016 Tenementa
515 985 576 1023 illa,
595 994 655 1016 tam
670 986 705 1016 de
720 986 801 1016 nobis
815 995 903 1024 quam
915 987 951 1017 de
965 987 1021 1017 aliis
1036 995 1130 1024 tenta,
1149 997 1198 1018 va-

140 1025 212 1055 leant
238 1033 285 1062 per
309 1024 430 1055 Annum
454 1024 482 1053 in
500 1024 635 1054 omnibus
651 1025 787 1063 exitibus,
803 1025 836 1055 &
849 1035 908 1064 quo
923 1025 982 1055 Die
997 1025 1074 1055 idem
1091 1025 1199 1056 Domi-

139 1073 192 1093 nus
207 1064 297 1100 obiit,
316 1065 349 1094 ὃ(
364 1064 426 1101 quis
439 1062 624 1101 propinquior
640 1062 733 1094 Heres
748 1064 803 1100 ejus
817 1064 867 1101 sit,
885 1065 919 1094 &
933 1063 1013 1102 cujus
1027 1062 1133 1094 Etatis:
1160 1063 1199 1095 Et

137 1102 174 1132 ad
199 1101 297 1132 eadem
319 1102 422 1132 Terras
436 1103 469 1132 δε
489 1100 673 1132 Tenementa
687 1103 716 1132 in
734 1101 840 1132 Manus
855 1101 962 1131 nostras
977 1101 1148 1139 capiendum
1162 1103 1197 1133 &

137 1140 320 1179 sehiendum,
337 1150 371 1171 ac
388 1141 424 1170 de
438 1139 496 1169 aliis
514 1140 650 1170 Articulis
664 1141 698 1172 &
713 1139 963 1178 Circumstantiis,
980 1139 1115 1170 Premissa
1129 1149 1197 1178 qua*

139 1179 315 1217 litercunque
330 1178 586 1216 concernentibus,
604 1179 712 1215 plenius
726 1179 892 1216 veritatem,

175 1217 212 1249 Et
232 1218 298 1248 ideo
322 1219 402 1248 vobis
423 1225 558 1256 quatuor,
576 1217 619 1247 vel
636 1216 724 1246 tribus
737 1215 861 1247 vestrum
882 1218 1023 1254 (quorum
1039 1226 1092 1247 vos
1105 1216 1198 1254 prefa-

140 1264 202 1288 tum
222 1259 362 1294 Georgium
385 1255 528 1296 Raymond
548 1256 580 1285 δε
603 1254 769 1283 Edvardum
792 1253 858 1283 Hill
874 1254 946 1283 duos
965 1253 1023 1284 effe
1043 1255 1196 1292 volumus)

140 1295 307 1325 mandamus
324 1296 402 1334 quod
428 1294 462 1325 ad
477 1302 566 1324 certos
586 1292 655 1321 Dies
670 1293 703 1322 &¹
720 1291 818 1330 Loca,
835 1302 906 1331 quos
920 1292 954 1322 ad
969 1292 1026 1323 hoc
1043 1292 1199 1329 provideri*

139 1335 190 1372 tiS,
209 1333 355 1372 diligenter
379 1335 458 1371 super
482 1329 623 1361 Premiffis
642 1330 746 1361 faciatis
760 1329 976 1368 Inquisitionem
992 1340 998 1360 :
1027 1331 1066 1362 Et
1078 1342 1142 1362 eam
1154 1333 1198 1362 di-

140 1371 244 1402 stincte
269 1374 302 1404 ὃ(
323 1381 386 1408 apte
406 1368 610 1411 factam'nobis
624 1370 654 1398 in
669 1368 875 1402 Cancellariam
893 1369 1019 1400 nostram
1034 1370 1085 1400 sub
1097 1371 1200 1409 Sigillis

141 1410 254 1447 vestris,
272 1419 394 1447 quatuor
418 1407 463 1438 vel
486 1415 574 1443 saum
588 1406 713 1436 vestrum
736 1410 881 1445 (quorum
895 1418 948 1438 vos
961 1409 1100 1445 prefatum
1115 1412 1200 1440 Geor-

136 1452 211 1487 gium
236 1447 380 1486 Raymond
400 1447 432 1478 δε
459 1444 626 1474 Ea'vardum
647 1445 714 1474 Hill
726 1447 797 1475 duos
810 1447 867 1477 esse
883 1446 1032 1483 volumus)
1050 1449 1084 1479 &
1100 1447 1201 1486 Sigillis

140 1496 242 1518 eorum
256 1495 305 1525 per
321 1495 392 1523 quos
407 1483 480 1514 faeta
494 1483 578 1513 fuerit
592 1483 649 1513 sine
669 1484 805 1514 dilatione
823 1486 953 1523 mittatis,
999 1485 1037 1516 Et
1054 1487 1104 1518 has
1118 1487 1199 1517 Lite—

139 1536 181 1556 ras
199 1525 304 1554 nostras
325 1524 480 1560 Parentes,
505 1522 670 1552 mandamus
694 1523 772 1553 enim
791 1532 889 1554 tenore
912 1524 1086 1556 Prescntium
1112 1526 1199 1557 Vice-

139 1563 239 1595 comiti
261 1562 359 1592 nostro
383 1560 547 1591 Comitatus
570 1560 692 1598 prediffl
716 1560 794 1599 quod
815 1562 849 1592 ad
868 1571 959 1593 certos
980 1563 1050 1593 Dies
1064 1565 1097 1596 &
1119 1564 1201 1595 Loca

139 1612 210 1642 quos
223 1603 248 1632 ei
269 1601 330 1631 sciri
355 1600 473 1631 feceritis
490 1599 588 1630 venire
604 1599 686 1629 faciat
702 1609 799 1630 coram
814 1601 898 1631 vobis
920 1611 1038 1639 quatuor
1053 1603 1097 1632 vel
1114 1604 1202 1634 tribus

140 1640 270 1671 vestrum
287 1642 433 1677 (quorum
455 1647 506 1667 vos
527 1637 665 1675 prefatum
679 1640 820 1676 Georgium
833 1641 974 1679 Raymond
987 1642 1019 1672 &
1035 1641 1202 1671 Edvardum

140 1678 208 1710 Hill
219 1679 289 1708 duos
304 1678 362 1708 esse
376 1675 526 1707 volumusl
544 1684 585 1706 tot
602 1677 636 1707 δε
649 1676 714 1706 tales
727 1678 834 1714 probos
848 1678 881 1708 &
897 1678 996 1717 legales
1010 1679 1151 1710 Homines
1165 1681 1201 1711 de

140 1718 246 1748 Balliva
265 1716 312 1747 sua
330 1725 387 1746 tam
401 1715 471 1745 infra
489 1715 661 1752 Libertates,
681 1725 767 1752 quam
782 1725 875 1755 exua,
894 1727 943 1755 per
957 1727 1030 1756 quos
1043 1719 1083 1748 rei
1100 1719 1201 1750 veritas

138 1757 173 1787 in
188 1755 328 1787 Premiffis
344 1753 443 1784 melius
457 1753 520 1784 sciri
534 1754 638 1791 poterit
654 1756 687 1785 &
701 1755 811 1793 inquiri.
888 1755 892 1759 ⁴

180 1794 215 1826 In
233 1795 312 1837 cujus
326 1794 381 1831 rei,
399 1792 460 1822 &c.

178 1870 269 1903 Teste
283 1870 365 1909 Rege
381 1869 454 1908 apud
468 1868 743 1910 westmonasterium,
760 1869 837 1901 seXto
850 1868 909 1903 Die
925 1871 1044 1911 Aprilit.

560 1946 783 1978 NoRTHAMP’.

185 1985 350 2019 Consimilis
358 1985 533 2017 Commiffio
546 1985 653 2016 diresta
660 1985 790 2024 Johanni
803 1987 902 2024 Clarke
918 1986 1071 2028 Armigero
1080 2013 1089 2028 ,
1106 1990 1138 2021 &
1148 1989 1206 2029 Jo-

147 2027 239 2057 hanm·
260 2026 383 2062 Reading
407 2024 574 2063 Generoso,
591 2024 625 2054 ad
646 2024 846 2064 inquirendum
861 2025 927 2065 post
944 2026 1076 2060 Mortem
1091 2031 1205 2060 Simonis

150 2065 285 2095 Norwick
301 2063 413 2094 Militis.

184 2103 275 2135 Teste
291 2102 417 2140 utsupra.

574 2179 785 2211 SournAMP’.

186 2215 351 2250 Consimilis
372 2216 551 2248 Commissio
573 2220 676 2250 directa
689 2219 787 2250 Thome
798 2217 940 2259 Jarvoyse
958 2219 1064 2259 Militi,
1082 2221 1208 2251 Deodato

148 2257 318 2297 Stapherton
343 2256 508 2296 Armigero,
523 2258 640 2287 Ricardo
662 2258 754 2297 Tilney
782 2258 951 2296 Armigero,
969 2259 1116 2290 Wllielmo
1142 2262 1208 2300 W'y-

151 2295 214 2325 ther
236 2296 409 2334 Armigero,
431 2294 556 2330 Johanni
579 2298 697 2326 Browne
711 2296 787 2335 John
801 2295 969 2334 Generoso,
988 2298 1128 2328 Feodario
1144 2298 1209 2328 Co-

150 2335 263 2364 mitatus
275 2335 364 2364 nosti-i
375 2332 589 2372 Southampton,
606 2345 722 2365 necnon
738 2333 879 2365 Escaetori
892 2335 1013 2372 ejusdem
1031 2336 1211 2376 Comitatus,

151 2373 207 2403 hiis
220 2371 266 2402 sex
282 2375 409 2409 quinque
423 2381 543 2410 quatuor
558 2372 604 2402 vel
619 2374 707 2403 tribus
727 2372 864 2409 (quorum
880 2373 999 2410 predicti
1015 2374 1163 2406 Feodarius
1177 2376 1211 2406 &

153 2410 286 2441 Escaetor
299 2410 351 2440 sint
365 2409 437 2446 duo)
453 2410 487 2439 ad
504 2411 707 2448 inquirendum
722 2409 787 2447 post
802 2411 821 2430 ²*
833 2410 964 2442 Mortem
980 2412 1084 2450 Jacobi
1100 2413 1212 2443 milve-

0 2453 134 2520 :xvuL
154 2450 228 2486 ridge
254 2448 375 2486 Militis,
393 2448 426 2478 &
447 2447 482 2478 de
502 2448 600 2479 Terris
622 2450 656 2480 &
671 2449 859 2480 Tenementis
874 2459 932 2486 que
945 2450 1058 2482 fuerunt
1072 2452 1141 2482 dieti
1159 2452 1226 2490 Jar

15 2501 63 2529 51.

149 2488 281 2558 cObTeste
299 2525 380 2566 Rege
395 2523 470 2564 apud
486 2522 754 2564 Westmonasterium,
772 2533 853 2556 nono
867 2523 926 2555 Die
942 2526 1060 2566 Aprilis.

615 2600 748 2631 Minox'.

193 2641 361 2673 Consimilis
369 2639 548 2672 Commiffio
563 2639 667 2670 dimeta
675 2639 807 2670 Arthuro
821 2643 925 2671 Turner
940 2640 1218 2681 Armigeroffamhi,

156 2682 243 2711 Taoke
265 2681 431 2716 Generoso,
449 2688 565 2710 necnon
594 2677 734 2708 Escaetori
756 2678 917 2710 Comitatus
938 2680 1027 2710 nostri
1050 2682 1163 2719 Midd',
1181 2682 1215 2713 ad

157 2719 355 2757 inquirendum
370 2718 434 2756 post
449 2717 583 2748 Mortem
596 2715 741 2754 Johannis
755 2718 875 2756 Stookes,
893 2719 926 2749 ὃς
944 2718 979 2750 de
994 2719 1091 2750 Terris
1108 2721 1140 2751 ὅ(
1154 2720 1217 2751 Te-

159 2759 301 2788 nementis
314 2768 368 2797 que
389 2757 503 2787 fuerunt
514 2755 586 2787 ‘dieti
600 2754 763 2794 Johannis„

195 2796 285 2828 Teste
299 2804 328 2827 ut
341 2796 428 2835 supra.

602 2871 751 2902 Soiiens‘.

199 2908 364 2941 Consimilis
377 2909 553 2940 Commiffio
571 2909 678 2940 directa
696 2909 829 2948 Johanni
843 2914 917 2950 Syms
930 2912 1010 2943 Armi
1032 2923 1099 2951 ero,
1117 2913 1219 2944 Robor—

163 2955 192 2978 to
215 2947 290 2986 Cuffi’
311 2948 480 2988 Armigero,
501 2948 600 2978 Thome
622 2951 756 2978 Brereton
777 2949 947 2988 Armigero,
974 2951 1016 2989 Jo
1024 2955 1104 2982 mnm'
1124 2951 1220 2990 Jeane

166 2985 334 3029 Generoso,
351 2989 451 3023 Rogero
473 2991 552 3015 Warr
572 2986 744 3025 Armigero,
762 2997 878 3018 necnon
896 2988 1036 3020 Escaetori
1053 2989 1216 3021 Comitatus

166 3023 256 3054 nostri
279 3024 406 3060 Somers',
424 3026 456 3055 &
474 3024 570 3054 Thome
590 3028 678 3054 Beare
699 3024 867 3063 Generoso,
885 3026 939 3057 hiis
953 3027 1057 3064 septem
1077 3029 1120 3059 sex
1133 3029 1217 3065 quin-

164 3072 220 3098 que
242 3071 360 3099 quatuor
383 3062 470 3092 tribus
492 3064 537 3092 vel
561 3062 672 3092 duobus
691 3063 833 3100 (quorum
856 3065 972 3100 predicii
986 3069 1105 3103 Rogerus
1122 3066 1217 3096 Warre

166 3102 199 3132 &
222 3100 354 3130 Escaetor
374 3100 425 3130 fint
435 3101 510 3136 duo)
530 3100 563 3130 ad
582 3102 782 3138 inquirendum
795 3102 858 3140 post
874 3102 1006 3134 Mortem
1024 3105 1148 3136 Arthuri
1162 3109 1216 3134 Fa-

165 3138 261 3168 rewell
272 3140 411 3176 Armigeri
421 3162 430 3176 ,
449 3139 482 3169 &
495 3138 532 3168 de
545 3138 657 3176 Terris,
675 3141 736 3169 &c.

199 3176 290 3208 Teste
310 3176 390 3216 Rege
403 3177 476 3215 apud
492 3176 764 3217 Westmonasterium,
781 3178 897 3210 decimo
911 3181 1014 3219 quinto
1026 3180 1085 3213 Die
1100 3179 1218 3220 Aprilis.

547 3252 841 3286 MoUNTGOMERY.

205 3291 370 3322 Consimilis
390 3290 565 3323 Commiffio
586 3292 692 3323 diredta
707 3294 824 3323 Ricara'o
838 3294 939 3333 Huffi’y
954 3294 1061 3334 Militi,
1084 3296 1220 3326 Edvardo

168 3334 244 3361 Price
261 3331 297 3361 de.
306 3333 475 3360 Newtowne
488 3331 658 3369 Armigero,
684 3331 780 3361 Carolo
793 3333 914 3363 Herbert
935 3334 1101 3374 Armigero,
1125 3334 1226 3367 ‘Ihome

169 3372 245 3405 Juxe
259 3369 426 3406 Genetoso,
440 3367 537 3398 Thome
551 3372 641 3399 Owen
656 3369 817 3409 Armigero,
835 3371 857 3400 F
858 3372 972 3403 eodario
987 3373 1149 3404 Comitatus
1165 3379 1220 3403 no-

168 3410 217 3439 stri
243 3405 590 3451 Mountgomer',uRicardo
612 3411 734 3446 Baggott
759 3408 927 3448 Generoso,
947 3412 981 3442 ὃς
1000 3411 1131 3449 Johanni
1146 3414 1218 3447 Rer-

169 3447 246 3479 nolds
259 3445 423 3482 Gemroso,
440 3446 491 3474 hiis
505 3445 607 3488 septem
621 3446 665 3477 sex
683 3448 806 3485 quinque
821 3457 942 3486 quatuor
961 3450 1007 3480 vel
1021 3451 1108 3481 tribus
1127 3450 1221 3487 (quo-

170 3497 234 3517 rum
257 3484 397 3522 predicitus
420 3482 569 3526 Feodarius
590 3483 623 3514 fit
639 3486 724 3522 unus)
746 3486 779 3516 ad
795 3487 992 3524 inquirendum
1009 3488 1074 3526 post
1089 3488 1221 3520 Mortem

171 3525 283 3556 Roberti
299 3521 430 3559 Vaughan
445 3520 563 3557 Militis,
580 3521 614 3551 &
631 3521 666 3551 de
683 3523 792 3562 Terris,
809 3525 870 3556 ὅτε.

209 3562 300 3594 Teste
313 3561 393 3600 Rege
407 3560 481 3600 apud
497 3565 517 3588 Η
525 3559 765 3600 ψνηοηαίέενὶανη,
784 3563 900 3594 decimo
914 3565 1016 3604 quinto
1032 3564 1092 3595 Die
1104 3561 1223 3603 Aprilis.

640 3635 755 3667 an'.

209 3677 374 3709 Confimilis
388 3675 562 3707 Commiffio
579 3673 683 3705 directa
697 3677 813 3707 Roberto
821 3680 877 3708 Lee
891 3678 992 3717 Militi,
1006 3680 1121 3710 Ricardo
1129 3679 1228 3709 Cham-

175 3716 299 3755 herlayne
321 3717 490 3755 Armigero,
540 3712 656 3752 umfrido
670 3713 753 3743 Colles
769 3715 940 3755 Armigero‚
958 3727 1073 3748 necnon
1087 3718 1229 3749 Escaetori

179 3754 343 3785 Comitatus
364 3755 452 3785 nostri
475 3753 552 3783 Mid‘
575 3755 607 3783 δε
627 3751 734 3795 Jacobo
754 3753 835 3795 Tpake
852 3755 1020 3794 Generoso‚
1038 3757 1091 3786 hiis
1104 3758 1228 3794 quinque

180 3801 301 3828 quatuor
320 3793 366 3823 vel
386 3794 475 3824 tribus
498 3794 638 3831 (quorum
659 3789 776 3828 predisti
795 3792 926 3821 Ricardus
945 3794 1174 3832 chamberlaine,
1192 3796 1226 3826 &

1265 525 1440 571 ¹Consimilis
1464 529 1641 575 Commiffio
1655 492 1890 576 direglzoltgilaerto
1909 525 2030 572 Munsbn
2050 536 2153 575 Militi,
2170 533 2295 576 Gregorii

1241 570 1485 614 ArmitageArmi
1506 579 1555 599 ero
1566 592 1575 607 ,
1591 570 1700 598 Ricardt
1715 569 1812 599 Bland
1827 570 1977 609 Armigero
1988 595 1997 609 ‚
2016 576 2145 605 Mattheo
2161 579 2218 614 Key
2237 580 2295 608 Ar-

1241 606 1476 675 msssstlsiliss
1489 605 1958 684 'sstfftgfzfflssgzffizztss‘Sff‘ssz‘f
1969 610 2114 686 3535?
2131 614 2295 646 (ΜΜ

1240 655 1307 713 gileti
1326 667 1486 713 Willielmu}
1499 682 1603 723 Nelsbn
1615 684 1649 714 &
1663 684 1794 728 EscaetOt
1808 684 1858 714 sint
1873 685 1944 719 duo)
1965 686 1999 715 ad
2017 661 2217 724 ἰηᾳυίἕέῑξέἒτιὲ
2227 664 2294 731 goii:

1241 719 1373 753 Mortem
1390 721 1486 752 Thome
1501 721 1656 761 Musgrave
1672 721 1789 759 Militis,
1808 724 1842 753 &
1856 722 1891 752 de
1905 722 2001 753 Terris
2011 747 2020 761 ,
2038 727 2098 755 ἃς.

1278 760 1368 792 Teste
1384 760 1468 798 Rege
1481 764 1554 798 apud
1573 760 1833 799 Westmonasleri'um
1844 782 1854 798 ,
1870 760 1989 792 decimo
2002 772 2101 800 quarto
2117 763 2176 794 Die
2192 768 2273 798 Maii.

1696 836 1849 867 SoMERs'.

1276 874 1440 906 Consimilis
1457 873 1630 904 Commiffio
1643 873 1748 905 direehi
1763 878 1862 911 Rogero
1881 877 1979 905 Wzrre
1996 874 2167 915 Armigero,
2187 870 2297 911 Feoda'-

1239 914 1283 944 rio
1301 913 1464 944 Comitatus
1487 912 1574 943 nostri
1590 913 1717 950 Somers'‚
1737 923 1852 944 necnon
1867 913 2010 944 Escaetori
2026 915 2149 948 eiuidem
2163 915 2294 948 Comita-

1237 960 1293 989 tus,
1310 951 1443 990 Johanni
1455 950 1549 989 Jeane
1560 951 1722 989 Generoso,
1739 953 1773 982 ad
1786 952 1984 989 inquirendum
2003 952 2066 989 post
2086 952 2215 984 Mortem
2230 960 2296 986 An-

1238 993 1307 1019 tonii
1328 990 1452 1019 Lewkar
1474 989 1615 1027 Armigeri
1625 1012 1634 1026 ,
1650 990 1682 1020 &
1704 991 1740 1020 de
1752 990 1847 1021 Terris
1862 991 1895 1021 &
1909 990 2099 1021 Tenementis
2114 1001 2169 1029 que
2182 994 2294 1026 fuerunt

1219 1027 1361 1066 *ejusdem
1374 1030 1498 1057 Antonii
1519 1028 1651 1057 Lewkar.

1274 1066 1361 1097 Teste
1377 1066 1460 1105 Rege
1474 1065 1547 1103 apud
1561 1065 1830 1106 westmonasterium,
1848 1066 1984 1097 vicesimo
2000 1066 2125 1098 secundo
2140 1068 2198 1099 Die
2211 1070 2290 1101 Maii.

1717 1141 1815 1172 Leic’.
2255 1171 2257 1175 Α

1275 1179 1438 1210 Consimilis
1452 1179 1625 1211 Commiffio
1639 1180 1746 1210 direCm
1760 1181 1885 1218 Johanni
1899 1180 2035 1211 Beamont
2045 1181 2207 1222 Armigem,
2225 1184 2295 1214 Tho—

1237 1223 1278 1247 m'e
1296 1219 1455 1256 Babington
1477 1220 1648 1256 Armigero,
1668 1218 1813 1249 Willielmo
1826 1219 1941 1258 Purefoy
1958 1221 2112 1257 Armigero
2124 1244 2133 1258 ,
2153 1222 2294 1253 lVilltelmo

1238 1258 1314 1298 I3ent
1328 1257 1495 1294 Generoib,
1516 1257 1634 1287 Feodar’
1648 1257 1810 1288 Comitatus
1825 1259 1958 1295 predicti,
1977 1269 2092 1289 necnon
2108 1260 2250 1292 EscaetOti
2264 1272 2295 1292 e-

1233 1295 1343 1332 Jusdem
1365 1294 1545 1332 Comitatus,
1561 1294 1614 1326 hiis
1638 1295 1683 1326 sex
1707 1296 1834 1333 quinque
1846 1305 1964 1333 quatuor
1981 1298 2027 1327 vel
2043 1298 2131 1327 tribus
2151 1300 2294 1337 (quorum

1236 1333 1357 1369 predicti
1390 1334 1540 1364 Feodarius
1566 1334 1599 1364 &
1624 1332 1752 1364 Escaetor
1775 1336 1826 1364 sint
1849 1336 1927 1368 duo)
1954 1335 1990 1365 ad
2011 1336 2210 1373 inquirendum
2232 1339 2296 1375 post

1238 1370 1369 1440 lgclortem
1388 1372 1540 1410 prenobilis
1556 1371 1653 1402 Thome
1677 1372 1863 1404 vicecomitis
1883 1375 2051 1411 Beamount,
2071 1376 2103 1406 ὃ(
2123 1375 2158 1405 de
2179 1376 2293 1416 Terris,

1273 1420 1300 1440 c.

1273 1448 1363 1479 Teste
1379 1457 1409 1479 ut
1423 1448 1510 1487 supra.

1690 1524 1848 1557 Commu.
2283 1556 2286 1559 .

1274 1562 1438 1594 Consimilis
1451 1561 1627 1595 Commiffio
1642 1564 1746 1594 dimota
1758 1564 1891 1601 Johanni
1904 1564 2020 1605 Trefufis
2038 1567 2188 1606 Armigero
2198 1590 2206 1604 ,
2225 1568 2297 1597 Wl-

1238 1601 1327 1631 lielmo
1343 1606 1478 1642 Conrtney
1501 1604 1650 1643 Armigero
1665 1627 1674 1639 ,
1698 1602 1828 1643 Johanni
1851 1605 1933 1633 Cooke
1955 1606 2127 1645 Armigero,
2152 1608 2295 1636 Edmmido

1239 1642 1380 1671 Dunricke
1392 1641 1558 1679 Generoso,
1576 1640 1692 1672 feodar’
1712 1641 1873 1672 Comitatus
1890 1643 2018 1682 prediffi,
2034 1655 2146 1674 necnon
2165 1644 2296 1676 fiscaeto—

1239 1681 1262 1709 ri
1276 1680 1399 1717 ejusdem
1415 1679 1578 1710 Comitatus
1591 1681 1623 1710 ὃς
1638 1678 1783 1708 willielmo
1790 1681 2072 1719 CarnonGeneroso,
2090 1684 2141 1712 biis
2155 1683 2197 1712 seit
2213 1686 2297 1721 quin-

1240 1727 1296 1755 que
1317 1725 1434 1757 quatuor
1454 1718 1497 1747 vel
1521 1718 1608 1747 tribus
1628 1718 1768 1754 (quorum
1783 1719 1900 1755 predicti
1916 1720 2033 1750 Feodar'
2050 1723 2083 1752 ὃς
2097 1720 2226 1752 Escaetor
2242 1723 2294 1752 lint

1240 1755 1318 1792 duo)
1340 1756 1373 1785 ad
1396 1755 1597 1793 inquirendum
1613 1755 1630 1774 ³*
1648 1755 1712 1792 post
1732 1755 1864 1786 Mortem
1879 1759 1988 1787 Henrici
2005 1761 2103 1789 Na'nce
2117 1761 2243 1799 generosi
2258 1763 2292 1792 ὃς
2312 1748 2447 1791 *XVIIL

2315 1802 2381 1836 652.

1240 1794 1465 1872 (1έῶῗᾶῗῇᾃὲἔέ
1479 1832 1554 1876 apud
1568 1830 1831 1871 westmonasterium
1840 1855 1850 1871 ,
1865 1833 2002 1865 vicesimo
2015 1835 2121 1867 oelavo
2138 1835 2196 1866 Die
2213 1838 2297 1867 Maii.

1698 1909 1836 1941 Heme,
2224 1937 2229 1940 ,

1279 1948 1449 1982 Consimilis-
1465 1947 1643 1980 Commlffio
1662 1948 1769 1979 direeta
1792 1947 1888 1980 Carolo
1911 1948 2039 1988 Moryson
2061 1949 2196 1982 Militi&
2213 1951 2298 1983 Baro-

1241 1998 1340 2028 netto,
1357 1988 1474 2019 Nicolao
1491 1988 1568 2027 Hyde
1591 1987 1681 2017 Militi
1703 1988 1737 2019 ὃς
1757 1986 1926 2026 Batonem,
1944 1988 2042 2018 Thome
2064 1988 2175 2028 Wilfim
2191 1990 2301 2030 Militi,

1242 2029 1359 2058 Ricardo
1385 2027 1478 2057 Willis
1502 2027 1653 2065 Armigero
1668 2048 1678 2063 ‚
1703 2025 1818 2055 Nicolao
1840 2027 1979 2066 Hampsbn
2004 2026 2157 2064 Armigero
2170 2052 2179 2066 ,
2204 2028 2302 2061 Thame

1242 2065 1383 2106 Hampstm
1398 2066 1567 2104 Armigero,
1585 2064 1683 2094 Thome
1696 2067 1826 2094 Freeman
1841 2064 1987 2103 Deputato
2000 2064 2150 2096 Escaetoris
2167 2066 2302 2099 Comita—

1243 2114 1287 2137 tus
1304 2105 1437 2143 prediffl,
1455 2105 1488 2134 ὅ(
1502 2104 1618 2134 Roherto
1631 2105 1730 2132 Carter
1744 2102 1893 2134 Generoso
1908 2103 2046 2134 Feodario
2059 2104 2182 2140 ejusdem
2196 2106 2301 2136 Comi-

1244 2152 1333 2181 tatus,
1352 2143 1406 2173 hiis
1427 2142 1496 2172 οέὶο
1518 2142 1623 2180 septem
1644 2141 1689 2171 sex
1710 2142 1836 2180 quinque
1852 2150 1972 2179 quatuor
1988 2142 2032 2182 vel
2047 2143 2137 2173 tribus
2152 2145 2300 2181 (quorum

1244 2182 1363 2220 prediCti
1384 2180 1541 2218 Deputatus
1555 2180 1710 2211 Escaetoris
1728 2181 1761 2210 ὃς
1776 2180 1925 2210 Feodarius
1938 2180 1989 2210 sint
2006 2182 2083 2216 duo)
2105 2180 2140 2211 ad
2157 2183 2303 2219 inquiren-

1244 2222 1317 2252 dum
1332 2219 1395 2256 post
1412 2219 1541 2249 Mortem
1554 2217 1651 2256 Jacobi
1670 2220 1774 2257 Mayne
1789 2218 1928 2256 Armigeri
1942 2220 1974 2250 ὃ(
1989 2218 2026 2248 de
2040 2221 2136 2257 terris,
2155 2221 2214 2251 &c.

1283 2257 1373 2290 Teste
1390 2257 1469 2296 Rege
1481 2257 1554 2296 apud
1571 2256 1846 2297 Wbstmonasterium,
1864 2256 2002 2288 vicesimo
2015 2257 2092 2288 sexto
2108 2257 2164 2288 Die
2179 2261 2263 2289 Maii.

1711 2333 1835 2364 SUSSEx.

1286 2372 1454 2404 Consimilis
1471 2371 1646 2403 Commiffio
1663 2371 1769 2402 direeta
1786 2373 1910 2409 Johanm·
1926 2371 2037 2407 Shurley
2054 2372 2154 2411 Militi,
2173 2376 2305 2405 Antonio

1249 2412 1356 2452 Stapley
1382 2412 1529 2451 armigero
1544 2436 1554 2450 ,
1578 2410 1676 2441 Thome
1695 2409 1807 2448 Shurley
1830 2411 1981 2449 Armigero
1995 2434 2005 2449 ,
2026 2414 2144 2442 Henrico
2164 2413 2307 2443 Bartelott

1252 2450 1421 2487 cent-roso,
1440 2451 1577 2481 Feodario
1599 2449 1762 2479 Comitatus
1783 2449 1919 2487 predisti,
1936 2451 2050 2479 Ricardo
2075 2450 2185 2488 Shurley
2205 2451 2305 2481 Gene-

1253 2490 1336 2526 roso,
1355 2490 1387 2520 &
1403 2489 1519 2517 Roherto
1534 2488 1689 2523 Pickeringe
1705 2486 1853 2517 Generoso
1870 2487 2004 2524 Deputat'
2018 2487 2171 2519 Escaetoris
2183 2490 2308 2524 eiusdem

1254 2526 1435 2564 Comitatus,
1450 2527 1504 2556 hiis
1526 2526 1570 2556 sex
1592 2527 1660 2563 quin
1683 2535 1716 2554 ue
1731 2533 1850 2563 quatuor
1863 2525 1908 2556 vel
1922 2526 2010 2556 tribus
2029 2530 2173 2563 (quorum
2191 2528 2308 2563 pieriieii

1255 2565 1407 2596 Feodarius
1427 2567 1460 2596 &
1485 2564 1620 2601 Deputat⁷
1640 2563 1663 2593 E
1678 2564 1794 2593 caetoris
1816 2563 1868 2593 sint
1879 2564 1957 2599 duo)
1978 2565 2225 2602 adinquirendum
2243 2566 2308 2605 post

1256 2603 1388 2634 Mortem
1401 2602 1497 2632 Thome
1512 2602 1627 2640 Jelham
1642 2601 1782 2632 Batonetti
1793 2624 1803 2638 ,
1821 2602 1855 2633 &
1872 2601 1908 2631 de
1932 2603 2025 2638 terris,
2052 2604 2114 2633 δίς.

1290 2640 1379 2673 Teste
1392 2641 1473 2680 Rege
1488 2641 1560 2680 apud
1574 2639 1848 2680 bl’e’stmormfterimn‚
1866 2640 2005 2671 vicesimo
2017 2640 2096 2672 sexto
2114 2641 2172 2672 Die
2187 2645 2272 2672 Maii.

1682 2709 1867 2748 Desinit-‚iit

1291 2758 1455 2789 Confimilis
1471 2755 1647 2788 Commiffio
1660 2755 1764 2785 directa
1779 2755 1906 2792 Johanm·
1922 2758 2017 2787 Eaton
2033 2756 2206 2792 Armigero,
2225 2757 2310 2787 Fulke

1255 2797 1386 2834 Vaughan
1403 2797 1566 2834 Armigero,
1586 2793 1728 2824 Willielmo
1743 2793 1831 2832 Kzffin
1847 2794 2009 2833 Generoso,
2026 2795 2157 2832 Johanni
2172 2796 2310 2824 Edwards

1255 2835 1424 2871 Generoso,
1443 2833 1588 2872 Humfria'o
1608 2833 1693 2872 Jones
1719 2832 1887 2870 Generoso,
1905 2833 2000 2862 Thome
2023 2836 2127 2862 Mai-ris
2142 2834 2310 2871 Generum,

1255 2884 1371 2904 necnon
1395 2873 1532 2903 Escaetori
1553 2871 1693 2903 Comitat'
1705 2870 1841 2908 preditfti,
1860 2871 1911 2900 hiis
1925 2871 1967 2901 sex
1982 2873 2107 2909 quinque
2123 2880 2243 2907 quatuor
2265 2873 2309 2902 vel

1255 2914 1344 2943 tribus
1366 2914 1509 2947 (quorum
1532 2910 1670 2948 preditftus
1691 2908 1806 2938 Thomas
1825 2912 1928 2938 Mor-ris
1951 2910 1982 2938 iit
2003 2912 2094 2944 unus)
2115 2911 2147 2938 ad
2166 2910 2308 2947 inquiren-

1255 2953 1324 2982 dum
1346 2950 1410 2988 post
1427 2949 1558 2979 Mortem
1570 2950 1684 2978 Han-rici
1702 2950 1821 2986 Conway
1838 2947 1977 2978 Generosi
1991 2948 2024 2979 ὃς
2039 2948 2074 2977 de
2091 2949 2167 2977 tetris
2181 2950 2213 2978 ὃ(
2230 2958 2309 2980 tene-

1257 2989 1359 3020 mentis
1373 2998 1428 3025 que
1442 2988 1556 3018 fuerunt
1570 2987 1639 3017 dieti
1655 2988 1777 3015 Henrt'ci.

1290 3026 1379 3058 Teste
1392 3026 1473 3066 Rege
1488 3025 1559 3063 apud
1576 3023 1853 3064 Wstmonasterium,
1871 3024 2012 3055 tricesimo
2026 3023 2085 3054 Die
2098 3027 2180 3053 Maii.

1726 3100 1846 3131 DERB’.

1292 3141 1457 3173 Confimilis
1480 3139 1655 3170 Commiffio
1676 3138 1780 3169 direcia
1795 3141 1912 3168 Henrico
1930 3139 2035 3178 Agard
2049 3139 2154 3174 Militi,
2170 3137 2311 3176 Francisto

1257 3182 1340 3211 Cooke
1363 3180 1469 3218 Militi,
1493 3178 1625 3217 Johanni
1644 3177 1771 3208 Bullocke
1791 3178 1958 3216 Armigero,
1986 3178 2122 3209 Feodario
2147 3175 2310 3218 Comitatus

1257 3220 1346 3250 nostri
1368 3218 1473 3256 Derb’,
1490 3217 1587 3247 Thome
1608 3220 1732 3254 Levinge
1748 3216 1916 3254 Armtgero,
1941 3226 1994 3247 nec
2009 3226 2067 3246 non
2084 3214 2221 3244 Escaetori
2238 3215 2312 3252 ejus-

1258 3258 1326 3288 dem
1347 3256 1527 3294 Comitatus,
1546 3256 1600 3286 hiis
1624 3257 1750 3294 quinque
1768 3263 1885 3294 quatuor
1900 3255 1946 3285 vel
1962 3256 2049 3294 tribus
2066 3255 2076 3287 (
2085 3261 2205 3289 quorum
2220 3254 2311 3287 predi-

1257 3297 1320 3327 ‹Stus
1341 3295 1492 3326 Feodatius
1510 3296 1541 3325 {it
1565 3297 1652 3330 unus)
1670 3294 1706 3324 ad
1729 3291 1931 3332 inquirendum
1951 3295 2013 3331 poit
2033 3290 2158 3333 Mortem
2174 3289 2313 3332 {Wllielmi

1259 3335 1338 3367 Lord
1359 3332 1518 3371 Generosi,
1534 3333 1568 3364 &
1591 3333 1626 3362 de
1639 3333 1717 3363 terris
1731 3332 1764 3363 &
1779 3332 1944 3362 tenementis
1959 3340 2012 3368 que
2027 3334 2138 3359 fuerunt
2155 3326 2223 3360 dieti
2238 3329 2312 3360 Wil-

1257 3372 1346 3404 lielm'i.

1295 3411 1385 3443 Teste
1399 3409 1482 3449 Rege
1498 3409 1574 3448 apud
1594 3407 1868 3448 Wstmonasterium,
1885 3405 1989 3437 octavo
2007 3403 2063 3434 Die
2079 3403 2159 3441 Julii.

1421 3488 1424 3492 ’
1670 3483 1893 3515 XVESTMERL’.

1299 3524 1464 3556 Consimilis
1486 3523 1661 3555 Commislio
1684 3523 1791 3553 <inedia
1812 3519 1923 3551 Ricardo
1944 3520 2024 3554 Rigge
2047 3517 2201 3564 Armigero
2216 3542 2224 3557 ,
2252 3520 2313 3548 Ed-

1262 3565 1360 3596 mundo
1376 3561 1577 3592 Branthwaite
1592 3562 1755 3597 Generoi‘o,
1771 3560 1900 3590 Cutbertv
1914 3555 2030 3594 Orfiure
2045 3557 2208 3594 (semerom,
2229 3559 2312 3594 Roge-

1265 3615 1294 3634 νο
1316 3606 1420 3639 Ot-way
1443 3600 1591 3631 Generoso
1610 3623 1619 3637 ,
1645 3601 1678 3631 &
1702 3599 1816 3628 Roberto
1840 3601 1958 3625 Cura-sen
1979 3593 2146 3632 Generoli),
2173 3595 2311 3626 Feodario

1265 3642 1429 3672 Comitatus
1450 3638 1586 3676 preditsti,
1604 3639 1658 3668 hiis
1680 3638 1723 3668 sex
1741 3638 1864 3674 quinque
1876 3642 1993 3676 quatuor
2011 3633 2052 3661 vel
2071 3635 2157 3663 tribus
2173 3636 2313 3671 (quorum

1267 3679 1408 3719 predietus
1426 3676 1576 3707 Feodarius
1599 3677 1630 3706 lit
1654 3676 1742 3710 unus)
1763 3674 1796 3703 ad
1812 3670 2010 3713 inquirendum
2026 3671 2089 3707 post
2105 3672 2234 3703 Mortem
2251 3683 2315 3711 pre-

1267 3717 1372 3750 nobilis
1387 3714 1501 3752 Philippi
1517 3714 1640 3744 Domini
1656 3713 1787 3742 wharton
1797 3734 1806 3747 ,
1821 3711 1852 3740 δε
1867 3710 1902 3739 de
1916 3719 2008 3746 terris,
2027 3710 2085 3740 ἃς.

1306 3754 1395 3787 Teste
1410 3753 1493 3792 Rege
1508 3752 1581 3792 apud
1597 3749 1870 3791 Wstmonasterium,
1888 3747 2006 3785 septimo
2019 3747 2076 3777 De
2091 3747 2178 3787 Julii.

1730 3823 1869 3854 PEMBR’.
2078 3850 2080 3853 .

1309 3867 1475 3900 Consimilis
1497 3864 1671 3896 Commiffio
1694 3863 1799 3892 directa
1820 3861 1917 3891 Thome
1938 3864 2054 3891 cannon
2071 3861 2180 3900 Militi,
2193 3863 2323 3902 Johanni

1274 3907 1442 3944 Longharne
1464 3905 1632 3942 Armigem,
1655 3903 1771 3930 Henrico
1797 3903 1913 3935 lVoogan
1935 3899 2101 3938 Generoso,
2118 3901 2215 3931 Thome
2237 3903 2327 3942 Lloyd

1276 3944 1427 3976 Geiieroso
1463 3942 1561 3972 Thome
1583 3939 1733 3976 Hayward
1753 3938 1919 3974 Generoso,
1935 3947 1988 3968 nec
2013 3948 2069 3968 non
2096 3939 2238 3970 Escaetori
2261 3941 2323 3971 Co-

1278 3984 1390 4014 mitatus
1405 3967 1532 4021 predielti‚
1550 3979 1603 4009 hiis
1617 3978 1661 4010 sex
1677 3979 1797 4016 quinque
1812 3985 1931 4046 {ilatum-
1943 3976 1986 4008 vel
2002 3977 2088 4007 tribus
2107 3982 2114 4014 (
2127 3983 2328 4046 quorumdt‘irtess

1838 4028 1842 4032 '
2263 4025 2288 4045 ti:
2303 4025 2333 4047 us

181 3831 314 3862 Escaetor
337 3832 370 3862 &
391 3832 509 3869 Jacohus
533 3831 618 3861 Taoke
639 3830 689 3859 sint
710 3830 781 3865 tres)
799 3829 833 3858 ad
849 3831 1045 3868 inquirendum
1062 3833 1125 3868 post
1141 3832 1228 3863 Mor-

182 3877 242 3899 tem
267 3869 399 3901 Willielmi
421 3874 491 3900 Oore
513 3880 600 3907 nuper
628 3868 810 3910 Aldermanni
832 3866 963 3897 Civitatis
983 3870 1123 3910 London',
1141 3872 1175 3903 &
1191 3871 1228 3902 de

179 3907 277 3938 Terris
292 3909 324 3938 ὃ(
335 3909 519 3940 Tenementis
534 3918 589 3946 que
604 3908 716 3937 fuerunt
735 3905 804 3935 dicti
818 3904 965 3935 W'llielmi.

220 3947 310 3978 Teste
324 3947 406 3987 Rege
419 3948 493 3985 apud
508 3944 764 3986 Westmonasterium
774 3966 785 3983 ,
800 3943 876 3975 sexto
890 3943 950 3976 Die
965 3945 1048 3975 Maii.

201 4031 276 4060 Tem.
293 4029 382 4057 VIII.
407 4027 442 4056 P.
456 4023 499 4056 ΙῙ.
