2536 4255
733 134 848 176 ET
932 133 1203 180 ACTA

19 219 147 255 ΛΜΗ).
165 222 241 253 dicta
258 221 328 254 ultra
346 222 447 263 viginti
465 223 498 255 &
513 222 559 254 sex
577 219 693 253 Milliar’
717 221 764 251 vel
786 230 823 250 eo
839 221 963 255 circiter)
984 225 1107 261 recipere
1129 220 1231 259 poffit,

37 261 123 298 1625.
167 263 201 293 &
216 262 310 300 quoad
326 263 426 293 vixerit
440 264 568 293 retinere.
606 259 675 290 Dat'
688 258 805 289 decimo
818 261 901 289 tertio
920 259 978 291 Die
992 264 1117 296 Martii,
1142 260 1230 290 Anno

19 301 70 327 An.
90 309 111 327 i.
167 299 295 330 Domini
309 301 461 331 millesimo
475 297 676 331 sexcentesimo
689 296 825 328 vicesimo
839 298 957 336 quinto,
977 302 1009 329 &
1025 297 1231 330 Transsationis

19 342 81 367 Car.
104 346 129 365 i.
167 338 286 369 decimo
305 340 418 377 quinto.

169 375 410 445 DConfirmatio.
429 374 516 408 Teste
530 373 615 413 Rege
629 373 702 412 apud
723 372 996 413 Wstmonasterium‚
1015 374 1132 407 decimo
1146 376 1232 406 tertio

203 416 230 447 ie
243 419 358 447 Martii.

207 491 360 532 Johannes
372 488 462 520 Willis
477 488 629 526 Clericus,
646 487 695 519 M.
711 489 748 519 A.
768 497 888 520 necnon
914 487 1086 527 Capelianus
1108 489 1233 520 Arthuri

173 532 296 562 Bathon'
313 533 346 562 &
362 527 477 560 Wllen'
494 526 647 565 Episcopi,
668 536 698 557 ut
711 537 766 557 una
777 536 846 558 cum
864 526 1002 558 Re&oria
1012 528 1136 559 Eccieiie
1145 530 1235 559 Paro-

173 571 271 601 chialis
283 569 319 598 de
333 565 479 606 Rafflocke
496 563 616 596 Dioces‘
629 565 750 595 Bathon'
766 566 800 596 ὃς
817 565 931 595 Wllen’
946 565 1118 597 Rectoriam
1132 567 1235 597 Eccle-

172 609 210 639 sie
224 606 394 638 Parochialis
408 605 444 636 de
459 602 582 642 Coulli'on
592 595 711 635 Dioces'
721 607 820 634 Sarum
839 604 942 639 (modo
956 614 1016 634 non
1033 605 1116 635 distet
1129 615 1144 635 a
1160 606 1237 641 prio-

168 648 191 677 ri
210 646 279 676 ultra
293 644 434 675 sexdecim
452 641 582 676 Milliar')
601 643 724 680 recipere
739 642 841 680 possit,
859 643 892 673 &
909 642 1001 680 quoad
1017 644 1118 673 vixerit
1134 645 1234 673 retine-

168 694 207 715 re.
245 682 315 713 Dat'
328 682 446 713 decimo
462 681 547 712 tertio
563 680 625 711 Die
640 683 761 718 Martii,
781 681 868 711 Anno
876 680 999 711 Domini
1013 681 1165 712 millesimo
1179 682 1235 712 sex-

167 722 328 754 centesimo
345 720 481 752 vicesimo
497 720 599 757 quinto
635 720 669 750 &
687 718 894 750 Transsationis
906 719 1022 750 decimo
1037 721 1149 757 quinto.

171 760 226 830 θῇ*
243 759 448 791 Confirmatio.
486 756 578 789 Teste
596 741 678 796 Rege
701 758 777 796 apud
801 756 1081 797 Westmonasterium,
1101 758 1236 790 vicesimo

206 809 232 830 ie
256 801 370 829 Martii.

7 764 153 794 ·*xV111.

19 804 85 838 670.

207 874 366 916 Francifius
382 872 495 912 Wright
511 872 654 911 Clericus,
674 871 721 903 M.
734 873 772 904 A.
791 882 823 905 ut
836 883 890 904 una
902 884 970 905 cum
978 874 1091 905 Vicaria
1104 883 1237 913 perpetua

168 911 298 947 Ecclesie
314 914 486 945 parochialis
501 912 538 943 de
554 914 597 942 W
597 911 686 941 itham
702 911 823 944 Dioces'
839 913 967 943 London'
985 917 1084 952 (quam
1097 915 1158 952 jam
1182 914 1239 943 ob-

169 954 253 990 tinet)
273 953 444 984 Rectoriam
458 950 584 982 Ecclesie
598 950 760 981 Parochial’
775 951 811 981 de
828 953 994 989 Wnington
1010 952 1136 989 ejusdem
1158 951 1237 981 Dio-

167 992 225 1024 ces'
240 992 347 1028 (modo
365 1000 426 1021 non
439 989 522 1020 distet
536 999 552 1020 a
566 989 661 1020 Vicar'
676 988 795 1027 predict’
806 989 874 1020 ultra
882 991 982 1029 viginti
992 992 1025 1022 ὃς
1037 999 1157 1028 quatuor
1166 990 1238 1019 Mil-

166 1030 224 1062 liar’
245 1031 291 1062 vel
305 1041 341 1061 eo
359 1030 484 1064 circiter)
503 1029 626 1067 recipere
634 1027 736 1066 possit,
756 1028 892 1066 &quoad
907 1030 1006 1059 vixerit
1022 1029 1149 1058 retinere.
1168 1027 1239 1057 Dat’

168 1069 308 1100 vicefimo
324 1068 421 1109 primo
437 1067 496 1098 Die
511 1068 632 1104 Martii,
651 1066 740 1096 Anno
757 1066 853 1097 Dom'
866 1067 1017 1096 millesimo
1037 1066 1238 1097 sexcentesimo

171 1107 310 1140 vicefimo
327 1108 448 1146 quinto,
466 1107 500 1137 ὃς
515 1104 722 1136 Transsationis
736 1105 853 1135 decimo
870 1105 981 1141 quinto.

209 1145 415 1177 Confirmatio.
449 1144 540 1176 Teste
556 1144 640 1182 Rege
659 1143 734 1181 apud
750 1141 1024 1181 Wellmonasteriam,
1044 1142 1186 1180 vicesimo⁸
1198 1141 1239 1172 se-

172 1184 272 1217 cundo
287 1184 348 1215 Die
364 1185 479 1214 Martii.

163 1280 174 1290 -
213 1256 367 1294 Hannibal
382 1265 490 1297 Potter,
508 1258 652 1296 Clericus,
669 1257 699 1288 S.
714 1257 755 1288 T.
769 1256 802 1288 B.
824 1266 855 1288 υτ
871 1267 926 1288 una
940 1267 1010 1289 cum
1028 1257 1166 1288 Rectoria
1184 1257 1241 1289 Ec-

173 1302 256 1333 clesie
270 1300 443 1333 Parochialis
457 1298 492 1327 de
505 1300 690 1326 Overworton
699 1295 815 1326 Dioces’
827 1297 921 1326 Oxon'
938 1298 1035 1336 (quam
1047 1297 1106 1334 jam
1115 1297 1240 1330 obtinet)

173 1340 343 1371 Restoriam
357 1336 484 1369 Ecclesie
492 1334 662 1365 parochialis
670 1334 705 1364 de
715 1336 830 1364 Πίστωνι
839 1334 958 1366 Dioces’
974 1335 1152 1372 Petriburgen'
1162 1338 1241 1370 (rno-

175 1379 216 1409 do
229 1388 290 1409 non
305 1376 387 1408 distet
400 1385 415 1404 a
428 1373 517 1412 priori
531 1372 602 1403 ultra
615 1372 782 1403 odrodecim
798 1372 913 1404 Milliar'
929 1374 974 1404 vel
996 1383 1034 1409 veo
1057 1374 1180 1409 circiter)
1198 1383 1239 1403 re-

175 1419 273 1455 cipere
285 1414 383 1453 possit,
403 1414 436 1443 &
451 1409 544 1449 quoad
559 1411 660 1442 vixerit
675 1411 803 1442 retinere.
832 1411 901 1442 Dat’
915 1411 1032 1443 decimo
1047 1411 1167 1451 septimo
1182 1415 1240 1441 De-

172 1456 282 1486 cembris
292 1477 301 1490 ,
321 1452 410 1482 Anno
428 1448 565 1479 Domino
582 1448 736 1480 millesimo
752 1449 955 1481 sexcentesimo
970 1450 1107 1481 vicesimo
1121 1451 1239 1489 quinto,

174 1496 211 1526 &
223 1489 426 1523 Transsationis
444 1487 561 1518 decimo
576 1488 690 1526 quinto.

209 1529 414 1597 Confirmatlio.
452 1525 541 1558 Teste
556 1525 640 1567 Rege
656 1526 732 1565 apud
750 1526 1032 1569 Westmonasterium,
1049 1527 1167 1559 decimo
1181 1527 1240 1566 sep-

172 1570 255 1601 ‘tirno
270 1571 368 1599 Decem
387 1569 434 1597 ris.

212 1647 359 1686 Georgius,
380 1646 439 1678 &c.
458 1645 580 1676 Dilecto
600 1644 684 1674 nobis
699 1646 728 1674 in
748 1642 866 1675 Christo
881 1644 998 1685 Josepho
1022 1647 1078 1674 Lee
1100 1644 1242 1682 Cler'ico,

173 1684 206 1716 in
225 1685 343 1717 Artibus
356 1684 519 1725 Magistro,
538 1683 663 1714 Salutem
675 1683 709 1713 &
724 1681 867 1714 Gratiam.
887 1683 1020 1715 Exhibita
1034 1684 1117 1715 nobis
1134 1693 1169 1714 ex
1178 1684 1245 1714 Par-

174 1733 204 1755 te
219 1732 266 1755 tua
281 1723 387 1754 Petitio
402 1722 587 1760 continebat,
605 1721 683 1760 quod
698 1731 768 1752 cum
789 1721 906 1751 Thomas
931 1725 989 1752 Lee
1011 1721 1140 1753 Clericus
1162 1721 1245 1752 Pater

177 1771 259 1800 tuus,
278 1771 312 1792 ex
328 1762 408 1800 cujus
422 1760 556 1798 Corpore
575 1763 621 1796 (ut
639 1759 742 1795 asseris)
761 1769 796 1791 ex
817 1761 945 1798 legitimo
963 1759 1158 1791 Matrimonio
1173 1769 1244 1797 pro-

173 1809 285 1833 creatus
297 1800 407 1838 existis,
424 1799 596 1830 Rectoriam
617 1797 744 1829 Ecclesie
761 1798 934 1829 Parochialis
953 1799 990 1829 de
1013 1802 1066 1829 Cat
1088 1799 1192 1838 Thorpe
1209 1798 1241 1830 al’

174 1839 281 1880 Thorpe
297 1838 410 1869 Thomas
427 1837 546 1868 Dioces'
559 1836 684 1868 Lincoln'
698 1836 823 1876 legitime
837 1837 948 1868 obtent'
956 1847 1005 1875 per
1021 1837 1122 1868 Annos
1138 1839 1246 1876 aliquot

175 1878 307 1916 retinuit,
324 1887 356 1907 ac
370 1877 447 1908 dicte
461 1875 587 1907 Ecclesie
605 1875 719 1907 Restor
740 1885 774 1907 ex
787 1875 843 1907 hac
858 1875 924 1907 Vita
941 1877 1092 1915 migravit,
1111 1877 1247 1907 eandem-

178 1927 237 1956 que
249 1916 420 1946 Rectoriam
435 1914 528 1945 modo
542 1922 591 1952 per
605 1914 677 1945 illius
694 1914 830 1945 Mortem
843 1913 941 1945 vacan'
955 1915 1009 1945 tibi
1024 1915 1192 1946 conferend'
1201 1916 1248 1945 fo-

179 1966 211 1987 re
227 1954 384 1993 existimas,
399 1961 430 1984 ut
447 1953 583 1984 Genitori
596 1961 648 1984 tuo
667 1953 698 1983 in
714 1953 833 1991 predirfii:⁷
848 1952 994 1984 Beneficio
1012 1954 1066 1984 tibi
1081 1954 1164 1985 liceat
1185 1953 1248 1985 suc-

178 1993 281 2025 cedere
295 1992 446 2031 dispensare
460 1992 657 2031 dignaremur:
676 1990 746 2022 Nos
759 1993 829 2023 huic
845 1992 986 2023 Petitioni
1006 2000 1055 2023 tue
1074 1992 1135 2023 satis
1156 1993 1248 2023 hone-

178 2032 239 2070 ste,
255 2033 338 2063 certis
352 2031 388 2062 de
402 2029 498 2062 Causis
510 2039 610 2060 coram
624 2030 708 2060 nobis
722 2031 856 2069 expositis
866 2054 876 2068 ‚
891 2030 1081 2062 favorabiliter
1102 2031 1250 2070 inclinati,

178 2079 297 2109 tecum,
315 2079 345 2101 ut
360 2069 518 2108 predictam
534 2068 705 2099 Rectoriam
720 2069 756 2100 de
773 2074 828 2100 Cat
843 2069 944 2107 Thorpe
960 2069 997 2101 al'
1011 2069 1115 2107 Thorpe
1129 2069 1249 2100 Thomas

179 2109 311 2149 predist',
319 2109 435 2139 durante
443 2107 511 2138 Vita
526 2116 572 2138 tua
586 2107 706 2137 naturali
717 2108 838 2139 retinere
852 2108 956 2147 possis,
976 2118 1036 2138 non
1046 2107 1158 2139 obstan'
1168 2108 1248 2147 quod

178 2147 301 2187 predic?
313 2147 438 2178 Genitor
452 2154 516 2177 tuus
531 2146 662 2186 proxime
675 2147 708 2177 &
722 2146 889 2178 immediate
905 2147 992 2178 fuerit
1009 2147 1132 2184 eiusdem
1144 2146 1249 2178 Eccle-

181 2187 220 2218 sie
241 2185 371 2224 Rector,
389 2185 572 2216 Austoritate
593 2184 722 2222 predict’,
739 2194 880 2223 quantum
905 2186 934 2215 in
956 2185 1041 2216 nobis
1065 2184 1107 2215 est
1131 2186 1165 2216 &
1185 2187 1250 2224 jura

177 2221 280 2264 Regni
293 2225 456 2262 patiuntur,
474 2232 573 2255 tenore
586 2223 766 2254 Presentium
779 2223 897 2263 gratiose
915 2222 1120 2262 Dispensamus
1142 2224 1251 2263 tibique

180 2265 285 2302 pariter
299 2262 496 2302 indulgemus,
516 2261 731 2300 quibuscunque
748 2260 905 2294 Canonicis
918 2261 1179 2292 Constitutionibus
1190 2273 1250 2294 non

181 2301 320 2340 obstant',
337 2300 457 2331 Proviso
469 2300 526 2330 sern
547 2310 576 2330 er
589 2300 669 2338 quod
681 2301 719 2331 he
733 2299 846 2340 Litere,
864 2302 925 2332 &c.
954 2300 1023 2332 Dat’
1037 2300 1089 2331 sub
1101 2300 1202 2339 Sigillo
1216 2302 1250 2332 ad

182 2340 323 2370 Facultat'
339 2347 442 2383 quarto
458 2338 518 2370 Die
574 2339 644 2368 ensis
658 2337 785 2378 Aprilis,
803 2341 891 2371 Anno
898 2339 1026 2369 Domini
1036 2339 1188 2372 millefimo
1196 2340 1254 2371 sex-

182 2377 341 2409 centesimo
359 2377 498 2409 vicesimo
515 2377 633 2416 quinto,
653 2377 686 2408 &
699 2376 795 2408 nostre
808 2376 1013 2410 Transsationis
1026 2377 1116 2408 Anno
1134 2378 1251 2410 decimo

185 2424 296 2455 quarto.

223 2493 307 2532 Rex,
325 2493 387 2524 &c.
404 2493 550 2524 Omnibus
562 2493 597 2525 ad
619 2502 709 2532 qu03,
726 2493 788 2526 &c.
806 2492 943 2526 Salutem.
980 2493 1156 2533 Inspeximus
1175 2495 1255 2534 quas-

184 2532 258 2564 'dam
273 2533 380 2563 Literas
397 2532 646 2571 Dispensationum
660 2532 832 2571 presentibus
844 2533 956 2570 annex',
970 2543 1038 2573 quas
1054 2535 1087 2564 &
1102 2535 1205 2574 singula
1225 2536 1256 2565 in

193 2573 235 2603 eis
257 2571 403 2609 content’,
430 2572 506 2609 imita
523 2571 667 2610 quendam
684 2571 793 2602 Acium
808 2572 876 2603 inde
892 2573 921 2601 in
936 2571 1129 2603 Parliamento
1150 2574 1260 2603 Domi-

192 2612 223 2641 ni
237 2612 353 2640 Henrici
366 2619 454 2649 nuper
471 2610 561 2650 Regis
574 2609 681 2646 Anglie
694 2610 790 2640 octavi
804 2609 1009 2642 Predecefforis
1018 2611 1107 2641 nostri
1121 2613 1198 2649 edit',
1216 2622 1258 2642 ra-

188 2649 378 2685 tificavimus,
396 2649 616 2686 approbavimus
633 2649 668 2679 &
682 2647 932 2687 confirmavimus,
951 2658 985 2680 ac
1000 2659 1054 2687 pro
1069 2651 1150 2681 nobis
1164 2650 1257 2682 Here-

188 2688 272 2718 dibus
285 2689 320 2719 ὃς
333 2687 549 2718 Succefforibus
572 2686 673 2717 nostris
694 2686 865 2718 ratificamus
883 2689 1074 2725 approbamus
1096 2689 1129 2719 &
1152 2689 1258 2720 confir-

189 2736 302 2757 mamus
317 2735 367 2764 per
381 2726 541 2764 Presenres,
558 2724 601 2756 Ita
616 2724 696 2764 quod
709 2724 846 2766 Jofi’phus
858 2729 916 2757 Lee
931 2725 1078 2763 Clericus,
1095 2728 1124 2756 in
1140 2728 1258 2759 Artibus

190 2764 347 2804 Magister,
362 2764 392 2795 in
407 2765 492 2796 dietis
504 2765 606 2795 Literis
621 2764 764 2794 nominat'
778 2766 914 2796 omnibus
930 2765 963 2796 δε
982 2765 1092 2804 singulis
1107 2766 1137 2795 in
1153 2767 1257 2798 eisdem

189 2803 343 2841 specificat'
357 2804 396 2834 uti
410 2803 466 2835 frui
483 2804 515 2835 &
531 2803 617 2841 potiri
631 2803 721 2834 valeat
737 2804 770 2834 ὅτ
783 2803 884 2842 poffit,
904 2804 989 2834 libere
1003 2805 1036 2835 &
1054 2805 1148 2842 quiete
1163 2808 1259 2845 impu-

192 2852 230 2872 ne
243 2843 280 2873 &
296 2842 374 2872 licite
389 2842 547 2873 secundum
564 2841 637 2872 Vim
653 2841 793 2872 Formam
810 2843 844 2873 &
858 2841 1008 2873 Effectum
1025 2843 1180 2875 earundem
1195 2845 1258 2876 abs-

193 2889 250 2917 que
264 2882 306 2911 im
327 2879 474 2912 edimento
494 2889 683 2920 quocunque,
702 2879 748 2910 Eo
762 2881 841 2918 quod
856 2880 981 2918 expreffa
997 2883 1108 2912 mentio
1122 2883 1158 2914 de
1173 2885 1258 2915 certi-

196 2917 297 2948 tudine
336 2919 516 2950 remifforum
526 2942 536 2958 ,
552 2926 600 2948 aut
613 2920 648 2949 de
664 2919 723 2948 aliis
738 2917 834 2948 Donis
849 2919 906 2949 five
920 2919 1067 2950 Conceff'
1085 2929 1135 2959 per
1151 2932 1204 2953 nos
1220 2924 1260 2953 ei-

194 2956 264 2987 dem
281 2956 394 2994 Josepho
406 2965 470 2989 ante
484 2958 539 2988 hec
557 2965 688 2994 tempora
711 2955 777 2986 faet'
799 2957 828 2986 in
849 2957 1026 2988 Presentibus
1051 2959 1169 2990 minime
1191 2961 1258 2992 fact’

192 2993 305 3031 existit,
323 3003 370 3024 aut
386 2996 479 3033 aliquo
495 2996 607 3026 Statuto
622 2994 702 3025 Actu
719 2993 909 3026 Ordinatione
925 2995 1091 3026 Proviiione
1099 2995 1261 3030 Proclama-

193 3035 275 3064 tione
291 3032 346 3062 five
361 3031 555 3066 Restriffione
572 3033 636 3063 inde
654 3034 684 3062 in
700 3034 879 3064 contrarium
894 3033 962 3064 fact'
976 3034 1043 3064 edit'
1066 3035 1189 3068 ordinat’
1213 3039 1258 3069 seu

193 3070 336 3139 Promisit
347 3079 393 3101 aut
407 3072 497 3110 aliqua
511 3073 563 3103 alia
581 3070 628 3102 Re
639 3070 730 3102 Causa
740 3071 787 3103 vel
800 3071 920 3104 Materia
935 3082 1105 3112 quacunque
1121 3077 1151 3107 in
1164 3076 1259 3115 aliquo

196 3119 260 3140 non
269 3119 290 3139 o
338 3117 409 3139 ante.

228 3147 265 3179 In
278 3148 358 3185 cujus
372 3149 412 3179 rei
425 3147 639 3187 testimonium,
653 3148 714 3180 &c.

231 3224 323 3256 Teste
334 3225 420 3264 Rege
435 3234 495 3265 apu
506 3224 766 3265 Welimonasterium
774 3249 784 3265 ,
804 3228 907 3266 quinto
923 3227 982 3259 Die
997 3229 1118 3269 Aprilis.

193 3303 345 3346 Confimiles
362 3305 477 3334 Literas
493 3301 731 3344 Dispenfiztionum
748 3302 786 3338 &⁶
800 3304 1045 3344 confirmationum
1064 3306 1170 3337 habent
1190 3309 1257 3337 Per-

417 3340 483 3381 fime
491 3341 636 3382 fiabftript'
643 3342 696 3381 ficb
711 3342 818 3382 divers'
833 3346 916 3382 Dat,
933 3345 991 3375 viz.

234 3421 316 3453 Elias
335 3418 493 3456 Edwards,
509 3418 658 3457 Clericus,
675 3419 713 3451 A.
727 3419 759 3451 B.
773 3428 804 3451 ut
817 3419 966 3452 succedere
981 3421 1063 3453 liceat
1071 3422 1105 3453 ad
1115 3422 1257 3454 Vicariam

220 3470 364 3499 erpetuam
380 3457 503 3487 Ecclesie
517 3456 690 3489 Parochialis
705 3458 740 3489 de
753 3459 933 3497 Luddington
948 3460 1067 3492 Dioces'
1075 3465 1190 3499 Sarum,
1208 3471 1257 3499 per

240 3508 333 3530 ortem
348 3501 383 3526 W
385 3494 486 3526 illielmi
502 3495 643 3538 Edwards
657 3495 766 3527 Clerici
781 3498 867 3529 Patris
880 3499 1004 3536 ejusdem
1013 3499 1140 3530 Ecclesie
1154 3509 1257 3531 vacan-

198 3547 269 3570 tem.
308 3536 377 3568 Dat’
390 3544 471 3578 nono
486 3533 544 3564 Die
561 3536 655 3572 Maii,
674 3537 761 3566 Anno
775 3535 899 3567 Domini
915 3537 1068 3568 millefirno
1092 3538 1257 3570 sexcentesi-

199 3586 251 3608 mo
268 3575 406 3607 vicesimo
425 3573 592 3611 quint0,.&
608 3572 810 3604 Transsationis
829 3575 918 3606 Anno
932 3575 1049 3606 decimo
1064 3575 1175 3613 quinto.

195 3654 197 3657 r
236 3612 443 3645 Confirmatio.
480 3609 570 3641 Teste
594 3608 679 3648 Rege
698 3611 772 3649 apud
795 3614 1075 3654 Westmonasterz'um,
1098 3624 1181 3646 nono
1200 3615 1260 3648 Die

199 3656 284 3684 Maii.

236 3728 392 3760 Timotheus
407 3725 590 3771 Thurfiroffi’,
606 3724 752 3764 Clericus,
773 3724 809 3769 A.
825 3726 872 3771 M
893 3737 925 3760 ut
947 3730 1096 3761 succedere
1120 3730 1203 3762 liceat
1225 3732 1260 3763 ad

200 3767 345 3798 Vicariam
359 3775 523 3804 perpetuam
538 3764 663 3796 heclesie
678 3763 846 3795 Parochialis
859 3765 895 3795 de
913 3768 1019 3808 Kirkby
1037 3770 1062 3799 al
1076 3770 1182 3808 Kirkby
1196 3773 1261 3800 Mo-

202 3805 283 3845 reside
298 3806 418 3850 Dioces’
434 3805 573 3850 Eboram,
590 3813 640 3841 pei·
655 3802 791 3871 Mlgrterc?
812 3804 925 3847 ῌεὶινίιι·
947 3806 1112 3850 Thurscroffe’
1134 3807 1261 3854 Clerici,

202 3844 241 3926 e
257 3842 1075 3950 &frgi{ferreeee....i..s⁶.¹eisr‘53.ffsi
1089 3847 1262 3917 errant

202 3929 287 3952 tionis
332 3928 391 3948 nno
426 3930 522 3951 ecimo
534 3929 645 3958 quinto.

244 3957 448 4025 (Ξῧᾎῇῑλιτᾶειτῇο.
470 3957 560 3989 Teste
574 3957 658 3998 Rege
672 3956 747 3997 apud
760 3955 1020 3998 Westmonasterjum
1028 3980 1038 3999 ,
1057 3959 1194 3994 vicefimo
1204 3964 1262 4000 pri.

205 4007 256 4028 [ΠΟ
305 4005 330 4024 le
381 4007 429 4025 cm.

248 4075 322 4111 fimi
339 4073 428 4109 Vm.
447 4074 480 4106 P.
497 4075 540 4109 Η,

52 3942 117 3974 671.

1287 133 1772 180 PUBLICA.
2289 155 2339 193 41

1286 256 1291 263 .
1308 218 1467 262 Nathan&
1482 222 1567 260 Ball,
1587 223 1733 260 Clericus,
1753 223 1788 253 A.
1804 223 1850 253 M.
1867 232 1898 255 υτ
1913 222 2059 256 succedere
2071 224 2152 256 liceat
2166 224 2200 256 ad
2215 224 2326 256 Recto.
2349 222 2425 253 Anii.
2437 221 2483 260 D,

1270 264 1341 286 riam
1355 256 1481 300 Eccleiie
1500 260 1668 291 Parochialis
1681 262 1715 290 de
1728 261 1865 291 Studland
1877 264 1948 294 infra
1963 263 2088 295 Insulam
2100 263 2136 294 de
2145 265 2280 294 Purbecke
2293 265 2321 294 in
2371 261 2454 300 1625.

1270 294 1421 338 Comitatu
1438 297 1520 338 Ders’
1534 299 1566 328 ὃς
1581 299 1700 328 Dioces'
1715 298 1827 339 Bristol’
1850 309 1897 335 per
1922 301 2054 332 Mortem
2072 299 2220 332 Willielmae‘
2240 302 2324 340 Bull,
2343 304 2397 328 An·
2414 310 2437 327 ³·

1270 332 1393 368 Clerici,
1413 332 1501 377 Patris
1513 334 1550 364 sui
1562 357 1571 371 ,
1597 345 1757 366 vacantem.
1795 336 1863 367 Dat'
1878 338 2012 369 vicesimo
2030 340 2138 372 octavo
2157 340 2216 371 Die
2236 344 2326 380 Maii,
2341 342 2408 368 Car.
2431 346 2457 375 85

1269 371 1366 414 Anno·
1374 370 1498 401 Domini
1515 373 1664 402 millesimo
1678 374 1877 405 sexcentesimo
1886 376 2020 407 vicesimo
2036 379 2153 417 quinto,
2172 379 2326 412 &Trans-

1270 409 1381 441 lationis
1397 409 1485 439 Anno
1506 410 1621 440 decimo
1643 412 1754 447 quinto.
2323 413 2329 418 ’

1272 446 1510 515 MConfirmatio.
1536 448 1624 480 Teste
1637 448 1719 487 Rege
1732 449 1805 488 apud
1826 450 2079 491 Westmonasterium
2087 477 2097 492 ,
2113 456 2256 489 tricefimo
2269 455 2331 495 Diq

1303 497 1352 516 all-

1310 562 1479 593 Willielmus
1494 563 1620 601 Franke,
1638 562 1788 600 Clericus,
1808 562 1841 592 A.
1853 562 1899 592 M.
1916 571 1946 593 ut
1960 564 2109 598 succedere
2124 569 2208 602 liceat
2221 572 2256 603 ad
2269 572 2332 603 Re:

1273 601 1394 632 <storiam
1410 601 1538 631 Ecclesie
1552 602 1724 632 Parochialis
1738 601 1773 632 de
1790 600 1917 636 Poughzll
1929 602 2045 633 Dioces'
2067 608 2158 635 Exon'
2174 619 2222 647 per
2244 610 2330 641 Mor..

1272 648 1332 670 tem
1354 638 1514 669 Abraham
1533 641 1660 677 Franke,
1679 639 1801 677 Clerici,
1818 639 1903 670 Patris
1923 640 1979 677 sui,
2010 651 2163 674 vacantem.
2203 647 2271 678 Dat’
2290 650 2331 678 se-

1275 678 1373 708 cundo
1390 677 1448 708 Die
1457 678 1553 715 Junii,
1573 679 1659 708 Anno
1675 677 1801 708 Domini
1810 676 1960 707 millesimo
1976 679 2176 713 sexcentelimo
2192 686 2330 717 vicelimo

1274 718 1392 755 quinto,
1410 718 1442 748 &
1457 716 1661 748 Transsationis
1677 717 1766 747 Anno
1780 716 1895 747 decimo
1912 717 2021 751 quinto.

1276 794 1299 832 J
1312 754 1514 785 Confirmatio.
1549 754 1638 786 Teste
1663 754 1746 794 Rege
1770 754 1844 794 apud
1864 752 2148 794 Westmonasterium',
2172 762 2254 791 tertio
2276 761 2333 795 Die

1299 804 1366 824 unll-

1311 870 1424 900 Thomas
1437 870 1637 908 Thorowgood,
1654 869 1802 907 Clericus,
1820 867 1851 900 S.
1869 868 1911 899 T.
1933 868 1965 899 Β.
1983 877 2016 900 ut
2040 869 2188 902 succedere
2207 873 2286 904 liceat
2300 873 2334 906 ad

1276 908 1444 940 Re&oriam
1458 909 1585 940 Ecclesie
1601 909 1773 939 Parochialis
1785 908 1820 938 de
1837 907 1993 947 Bickerston
2008 908 2070 938 alias
2088 912 2194 939 Bixton
2216 910 2339 948 Dioces’,

1275 948 1449 978 Norwicens'
1470 958 1519 985 per
1535 948 1667 978 Mortem
1686 951 1721 975 W
1729 946 1833 976 illielmi
1847 945 2044 983 Thorowgood,
2065 946 2337 990 Clerici,Patrissui‚

1276 995 1439 1017 vacantem.
1476 986 1546 1017 Dat’
1560 987 1662 1016 ultimo
1677 985 1734 1016 Die
1752 988 1839 1022 Maii,
1859 984 1946 1014 Anno
1966 985 2090 1015 Domini
2109 986 2258 1018 millesimo
2279 988 2337 1019 sex*

1276 1025 1432 1054 centesimo
1446 1024 1582 1055 vicesimo
1596 1025 1697 1062 quinto
1706 1047 1715 1062 ‚
1732 1025 1765 1055 ὅτ,
1779 1022 1984 1054 Transsationis
2001 1023 2090 1053 Anno
2100 1023 2216 1054 decimo
2226 1027 2338 1063 quinto.

1278 1062 1514 1139 DCoJfilrmatio.
1540 1062 1631 1094 Teste
1648 1062 1733 1100 Rege
1748 1061 1822 1098 apud
1837 1060 2115 1101 Wstmonasterium,
2133 1063 2249 1094 decimo
2261 1064 2338 1096 sexto

1312 1111 1337 1131 le
1379 1112 1395 1130 u
1408 1113 1437 1130 ΖΙ.

1315 1177 1475 1207 Wllielmus
1489 1178 1625 1218 stavely,
1642 1177 1791 1215 Clericus,
1812 1177 1846 1208 A.
1866 1176 1897 1208 B.
1918 1187 1949 1208 υτ
1963 1177 2115 1210 succedere
2129 1178 2212 1209 liceat
2230 1178 2263 1209 ad
2280 1178 2342 1210 Re-·

1278 1214 1398 1246 c‘toriam
1412 1215 1538 1247 Ecclelie
1553 1217 1722 1247 parochialis
1740 1218 1776 1246 de
1793 1216 1864 1254 PVesl
1882 1215 2030 1246 Buckland
2042 1216 2159 1247 Dioces’
2178 1218 2272 1247 Exon’
2290 1226 2340 1255 per

1279 1253 1413 1285 Mortem
1435 1255 1575 1293 Johannis
1595 1254 1731 1294 Stavely,
1749 1254 1873 1292 Clerici,
1890 1254 1979 1285 Patris
2001 1256 2059 1293 sui,
2076 1263 2236 1287 vacantem.
2273 1254 2342 1288 Dat'

1276 1292 1391 1324 decimo
1407 1303 1505 1332 quarto
1520 1295 1579 1324 Die
1598 1292 1705 1323 Mensis
1716 1296 1811 1330 funii,
1831 1293 1919 1323 Anno
1933 1293 2220 1324 Dominiinillesimo
2227 1294 2342 1325 sexcem

1277 1331 1379 1362 tesimo
1393 1332 1530 1362 vicesimo
1545 1334 1664 1369 quinto,
1683 1332 1716 1362 δε
1732 1331 1936 1362 Transsationis
1951 1332 2040 1362 Anno
2056 1333 2174 1363 decimo
2190 1334 2302 1370 quinto.

1314 1369 1518 1446 Cfia-nfiyrlmatio.
1536 1371 1626 1402 Teste
1645 1371 1724 1409 Rege
1737 1370 1810 1409 apud
1825 1369 2105 1409 W’slmonasterium,
2124 1371 2243 1402 decimo
2258 1372 2343 1410 quins

1280 1415 1310 1438 to
1360 1419 1386 1439 ie
1423 1413 1487 1440 unii.

1317 1487 1427 1517 Samuel
1437 1486 1569 1524 Seward,
1587 1485 1732 1524 Clericus,
1750 1485 1779 1516 S.
1795 1485 1837 1516 T.
1853 1485 1884 1516 B.
1901 1493 1933 1516 ut
1953 1484 2100 1517 succedere
2115 1486 2198 1518 liceat
2215 1486 2250 1517 ad
2258 1487 2345 1518 Vica-

1278 1526 1349 1555 riam
1365 1534 1529 1564 perpetuam
1545 1525 1671 1555 Ecclesie
1684 1524 1855 1555 Parochialis
1870 1524 1905 1553 de
1922 1524 2033 1554 Yeavell
2044 1525 2163 1556 Dioces'
2177 1526 2345 1557 Barbam&

1281 1562 1391 1594 Wellen’
1408 1575 1456 1602 per
1478 1564 1611 1594 Mortem
1622 1563 1761 1601 Johannis
1775 1563 1906 1601 seward,
1926 1562 2050 1601 Clerici,
2069 1563 2105 1594 A.
2122 1563 2168 1594 M.
2185 1563 2276 1594 Patris
2288 1565 2345 1601 sui,

1281 1611 1440 1633 vacantem.
1478 1602 1546 1633 Dat'
1559 1602 1634 1633 sexto
1653 1601 1711 1631 Die
1725 1601 1860 1639 Augusti,
1879 1602 1966 1631 Anno
1977 1601 2104 1633 Domini
2119 1603 2272 1633 millesimo
2287 1603 2347 1633 sex-1

1282 1641 1438 1672 centesimo
1450 1642 1589 1671 vicesimo
1603 1641 1722 1676 quinto,
1741 1641 1774 1670 &
1788 1639 1990 1670 Transsationis
2003 1640 2092 1670 Aiino
2107 1641 2221 1671 decimo
2236 1642 2346 1680 quinto.

1319 1678 1521 1711 Confirmatio.
1557 1678 1647 1710 Teste
1662 1678 1744 1717 Rege
1758 1679 1833 1716 apud
1851 1681 2008 1718 Oxoniam,
2030 1678 2189 1711 undecimo
2206 1679 2266 1710 Die
2282 1682 2352 1716 Aug

1280 1717 1356 1756 gusti.

1319 1797 1398 1833 Hugo
1417 1796 1545 1833 Atkins,
1564 1795 1712 1832 Clericus,
1732 1802 1762 1826 ut
1776 1791 1923 1825 succedere
1943 1795 2026 1826 liceat
2049 1795 2083 1826 ad
2100 1795 2272 1827 Redioriam
2295 1796 2352 1826 Ec⁴

1284 1835 1365 1866 clefie
1382 1834 1553 1865 Parochialis
1566 1834 1602 1865 de
1617 1829 1801 1871 Northperott
1823 1833 1940 1864 Dioces'
1963 1834 2085 1864 Bathon'
2111 1837 2144 1867 ὃς
2168 1834 2278 1865 Wellen'
2299 1841 2350 1872 per

1285 1873 1420 1903 Mortem
1439 1872 1580 1911 Johannis
1601 1873 1726 1910 Atkins,
1744 1871 1871 1910 Clerici,
1894 1872 1982 1902 Patris
2002 1873 2059 1909 sui,
2078 1882 2238 1905 vacantem.
2280 1871 2350 1904 Dat'

1284 1911 1460 1944 duodecimo
1484 1911 1543 1942 Die
1573 1910 1690 1951 Augusti
1706 1935 1715 1948 ,
1742 1911 1832 1941 Anno
1857 1910 1982 1941 Domini
2014 1911 2165 1941 millesimo
2186 1911 2350 1942 sexcentesi-

1287 1961 1337 1982 mo
1352 1950 1493 1981 vicesimo
1508 1951 1627 1989 quinto,
1644 1952 1679 1981 &
1693 1949 1894 1980 Transsationis
1908 1948 2026 1980 decimo
2042 1951 2157 1988 quinto.

1321 1988 1526 2020 Confirmatio.
1563 1989 1652 2020 Teste
1665 1988 1747 2029 Rege
1768 1988 1842 2026 apud
1858 1987 1949 2018 Oxon⁷
1966 1987 2084 2019 decimo
2102 1989 2186 2019 tertio
2206 1988 2265 2020 Die
2289 1991 2356 2025 Aug

1283 2027 1362 2069 gusti.

1324 2104 1437 2136 Thomas
1451 2107 1512 2137 Kin
1525 2129 1535 2144 ,
1552 2104 1698 2142 Clericus,
1716 2104 1753 2135 A.
1769 2103 1816 2135 M.
1835 2112 1865 2136 ut
1881 2103 2029 2136 succedere
2045 2104 2127 2136 liceat
2139 2105 2173 2136 ad
2187 2105 2365 2137 Recioriami

1288 2144 1417 2176 Ecciefie
1431 2144 1604 2176 Parochialis
1616 2145 1652 2176 de
1670 2145 1772 2173 Lavor
1787 2143 1866 2173 Alta
1882 2143 1998 2174 Dioces’
2015 2144 2141 2173 London'
2156 2154 2206 2182 per
2223 2144 2361 2175 Mortem

1291 2182 1443 2214 Wit'lielmi
1459 2186 1552 2222 King,
1570 2182 1693 2220 Clerici,
1713 2181 1804 2213 Patris
1819 2182 2046 2219 sui,vacantem.
2065 2181 2279 2213 Dat'vicesimo
2296 2183 2358 2214 Die

1289 2222 1432 2259 Oc‘t'obris,
1452 2222 1540 2252 Anno
1556 2223 1683 2253 Domini
1699 2220 1851 2251 millesimo
1866 2221 2069 2251 sexcentesimo
2086 2221 2222 2252 vicesimo
2238 2222 2362 2261 quinto,

1291 2261 1325 2292 &
1340 2259 1555 2295 Transsationis,
1564 2261 1654 2291 Anno
1672 2260 1791 2290 decimo
1805 2260 1915 2297 quinto.

1291 2337 1307 2366 b
1330 2297 1535 2344 Confirmatio.
1574 2299 1661 2331 Teste
1683 2298 1766 2336 Rege
1785 2298 1861 2337 apud
1878 2297 2020 2336 Reuding,
2044 2307 2125 2328 nono
2150 2297 2210 2328 Die
2230 2299 2365 2334 Novem-5

1309 2347 1355 2367 ris.

1331 2414 1480 2445 lVar‘norus
1495 2412 1648 2452 Marfhall,
1669 2413 1814 2452 Clericus,
1833 2413 1869 2444 A.
1888 2412 1935 2443 M.
1950 2422 1981 2443 ut
1990 2413 2140 2445 succedere
2156 2414 2238 2445 liceat
2247 2414 2281 2445 ad
2291 2416 2360 2444 Pre-

1292 2453 1406 2483 bendum
1421 2457 1534 2484 tertiam
1548 2453 1662 2493 Ecclesie
1676 2451 1852 2482 Cathedralis
1867 2452 2053 2489 Petriburgen’
2076 2463 2125 2489 per
2142 2452 2274 2483 NIortem
2297 2453 2360 2482 Ed*

1292 2492 1386 2522 ewardi
1403 2491 1553 2530 Marshall,
1573 2491 1699 2529 Clerici,
1716 2490 1803 2521 Patris
1815 2491 1870 2529 sui,
1889 2500 2049 2521 vacantem.
2088 2489 2157 2521 Dat'
2169 2492 2286 2521 decimo
2299 2491 2366 2522 sex-⁴.

1293 2539 1325 2561 to
1340 2530 1400 2560 Die
1414 2530 1588 2570 Septembris,
1607 2531 1696 2560 Anno
1705 2529 1829 2559 Domini
1839 2529 1989 2559 millesimo
2003 2529 2205 2560 sexcentesimo
2220 2530 2365 2567 vicesimo,

1293 2569 1412 2608 quinto,
1432 2571 1464 2599 ὅ(
1482 2568 1686 2600 Transsationis
1702 2568 1789 2598 Anno
1805 2568 1923 2598 decimo
1944 2568 2054 2604 quinto.

1332 2607 1536 2676 CpnfirmatiO.
1575 2606 1667 2638 Teste
1688 2606 1771 2645 Rege
1785 2606 1859 2644 apud
1874 2607 1996 2644 Reading
2008 2629 2017 2644 ,
2040 2605 2195 2638 undecimo
2216 2606 2277 2637 Die
2296 2609 2364 2641 Ναί

1295 2657 1359 2676 Uen]
1378 2657 1427 2676 7¹15-

1333 2722 1518 2755 Alexandrus
1529 2723 1663 2760 Skinner,
1682 2722 1829 2761 Clericus,
1848 2722 1885 2753 A.
1902 2722 1935 2753 B.
1950 2731 1978 2752 ut
1992 2721 2140 2753 succedere
2154 2722 2236 2753 liceat
2249 2723 2283 2753 ad
2298 2722 2360 2753 Re4

1294 2763 1417 2794 &oriam
1432 2762 1559 2793 Ecclefie
1573 2762 1744 2792 parochialis
1754 2762 1788 2791 de
1800 2764 1916 2792 Feinton
1930 2761 2153 2792 Dioces’Exon’
2168 2771 2215 2797 per
2226 2761 2360 2792 Mortem

1295 2804 1403 2839 Georgii
1418 2802 1552 2839 Skinner,
1571 2800 1699 2836 Clerici,
1719 2799 1807 2831 Patris
1822 2800 1878 2836 sui,
1895 2809 2053 2830 vacantem.
2083 2799 2152 2830 Dat'
2164 2799 2283 2836 septimo
2298 2800 2362 2834 Die

1294 2840 1484 2878 Novembris,
1503 2841 1589 2870 Anno
1606 2838 1729 2869 Domini
1748 2839 1896 2869 millelimo
1910 2838 2112 2869 sexcentelimo
2126 2838 2266 2869 vicesimo
2274 2839 2361 2876 quina,

1296 2888 1344 2917 to,
1361 2880 1394 2910 &
1407 2878 1612 2909 Transsationis
1628 2878 1718 2908 Anno
1734 2877 1852 2908 decimo
1866 2878 1978 2915 quinto.

1332 2916 1535 2986 Cpnfirmatio.
1570 2917 1661 2948 Teste
1684 2915 1767 2955 Rege
1787 2915 1859 2955 apud
1880 2915 2022 2953 Reading,
2041 2914 2196 2945 undecimo
2217 2914 2274 2946 Die
2296 2917 2359 2951 No:

1295 2967 1359 2986 ven]
1378 2967 1424 2986 725-

1330 3033 1463 3062 Robertus
1479 3036 1603 3070 Horner,
1624 3032 1770 3070 Clericus,
1789 3031 1827 3063 A.
1843 3031 1889 3062 Μ.
1906 3041 1936 3062 υτ
1948 3030 2095 3062 succedere
2104 3031 2185 3062 liceat
2200 3030 2232 3061 ad
2242 3031 2358 3062 Recto-v·

1295 3071 1368 3103 riam
1384 3070 1509 3102 Eccleiie
1523 3071 1696 3102 parochialis
1711 3071 1747 3101 de
1763 3071 1871 3107 Roydon
1887 3070 2005 3101 Dioces'
2020 3070 2179 3100 Norwicen'
2199 3080 2246 3107 per
2270 3069 2357 3099 Mor·-

1295 3118 1356 3141 tem
1371 3110 1513 3148 Johannis
1525 3113 1636 3141 Horner
1647 3133 1656 3148 ,
1672 3109 1799 3148 Clerici,
1818 3110 1854 3140 A.
1870 3108 1917 3139 M.
1928 3108 2017 3139 Patris
2031 3110 2087 3147 sui,
2102 3117 2261 3139 vacantem.
2281 3107 2353 3139 Dat’

1295 3148 1412 3179 decimo
1425 3158 1506 3179 nono
1519 3148 1577 3179 Die
1594 3149 1777 3186 Novembris,
1793 3148 1882 3178 Anno
1899 3146 2025 3178 Domini
2046 3147 2195 3178 millelimo
2210 3147 2354 3181 sexcenteff

1295 3187 1368 3217 simo
1384 3187 1521 3218 vicesimo
1535 3188 1655 3226 quinto,
1675 3188 1708 3218 ὃς
1723 3186 1927 3217 Transsatioriis
1942 3186 2031 3216 Anno
2047 3185 2163 3215 decimo
2178 3185 2290 3220 quinto.

1333 3225 1536 3294 Consgmatio.
1574 3226 1664 3257 Teste
1679 3225 1760 3266 Rege
1768 3226 1842 3263 apud
1857 3224 1996 3263 Reuding,
2016 3224 2153 3256 vicesimo
2166 3222 2292 3253 secundo
2305 3223 2353 3255 die

1294 3266 1404 3295 Novem
1436 3268 1470 3296 is.

1327 3342 1414 3382 Jacob
1460 3352 1536 3380 ones,
1555 3341 1702 3380 Clericus,
1722 3340 1758 3372 A.
1773 3341 1821 3372 M.
1834 3349 1864 3372 υτ
1879 3338 2025 3371 succedere
2040 3338 2121 3382 liceat
2135 3337 2169 3368 ad
2180 3337 2348 3372 ker-storiam

1288 3381 1416 3412 Ecclesie
1456 3381 1605 3411 arochialis
1618 3381 1652 3412 de
1675 3380 1754 3410 Cluer
1770 3381 1834 3411 alias
1854 3377 2020 3410 cluworth*
2036 3376 2153 3420 Dioces'
2169 3381 2266 3408 Sarum
2292 3390 2342 3416 per
2366 3391 2506 3422 *xv-1112

1294 3419 1427 3451 Mortem
1447 3422 1570 3457 Hugonis
1587 3420 1687 3457 Jones,
1707 3418 1840 3457 Clerici,
1865 3418 1903 3449 A.
1926 3417 1972 3447 M.
1996 3415 2080 3445 Patris
2103 3417 2161 3454 sui,
2187 3426 2347 3449 vacantem.
2367 3430 2434 3465 672·
2496 3424 2504 3429 ⁴

1293 3458 1363 3490 Dat’
1378 3458 1515 3489 vicefimo
1529 3457 1655 3488 secundo
1672 3457 1729 3488 Die
1743 3454 1926 3492 Novembris,
1945 3454 2031 3496 Anno
2053 3453 2177 3497 Domini
2198 3456 2350 3488 millesimo

1293 3497 1497 3529 sexcentesimo
1520 3497 1657 3528 vicesimo
1675 3497 1798 3534 quinto,
1828 3496 1861 3526 δε
1887 3491 2091 3523 Transsauoms
2121 3493 2210 3524 Anno
2234 3494 2350 3527 decimo

1319 3544 1408 3567 urnto.

1295 3548 1316 3575 q
1334 3573 1534 3643 Conizrmatio.
1571 3573 1661 3605 Teste
1677 3573 1758 3612 Rege
1769 3570 1841 3612 apud
1857 3569 1994 3607 Reading,
2012 3568 2151 3601 vicesimo
2175 3579 2274 3608 quarto
2291 3571 2349 3605 Die

1296 3615 1407 3644 Novem
1425 3615 1472 3643 ris.

1333 3688 1486 3730 Franciscus
1506 3691 1616 3727 Potter,
1634 3688 1663 3719 S.
1677 3688 1717 3719 T.
1733 3687 1763 3718 13.
1780 3694 1810 3717 ut
1823 3684 1970 3716 succedere
1983 3684 2066 3716 liceat
2073 3684 2107 3716 ad
2118 3682 2284 3718 Resroriam
2292 3687 2350 3720 Ec.

1295 3730 1378 3762 clesie
1395 3728 1566 3759 Parochialis
1579 3729 1614 3758 de
1627 3726 1797 3763 Ktlmington
1813 3725 1874 3754 alias
1897 3723 2067 3761 Culmington
2091 3723 2210 3756 Dioces’
2230 3726 2353 3757 Bathon‘

1296 3771 1330 3801 &
1347 3767 1462 3799 Wllen’
1477 3777 1526 3804 per
1541 3765 1672 3796 Mortem
1686 3763 1815 3794 Richardi
1829 3764 1940 3800 Potter,
1958 3762 2081 3800 Clerici,
2099 3762 2129 3793 S.
2145 3764 2184 3793 T.
2199 3763 2230 3794 B.
2245 3776 2349 3796 vacan-

1296 3817 1363 3839 tem.
1399 3804 1467 3836 Dat'
1481 3805 1617 3836 vicesimo
1632 3804 1733 3841 quinto
1756 3802 1814 3831 Die
1828 3800 2014 3843 Novembris,
2033 3801 2120 3831 Anno
2142 3800 2267 3832 Domini
2285 3805 2352 3834 mil-

1297 3847 1394 3878 lesimo
1413 3843 1615 3874 sexcentesimo
1633 3841 1771 3871 vicesimo
1786 3847 1905 3877 quinto,
1920 3840 1953 3869 &
1974 3839 2175 3870 Transsationis
2192 3841 2282 3873 Anno
2303 3843 2351 3873 de·

1319 3886 1379 3914 imo
1418 3883 1507 3912 uinto.

1299 3896 1316 3916 c
1333 3892 1537 3987 Coangrmatio.
1574 3915 1666 3948 Teste
1679 3916 1760 3955 Rege
1777 3916 1850 3954 apud
1864 3915 2004 3954 Reading,
2018 3916 2157 3949 vicesimo
2170 3917 2279 3951 ostavo
2299 3918 2353 3950 Die

1297 3961 1408 3993 Novem
1428 3961 1476 3989 ris.

1311 4060 1314 4063 .
1337 4033 1469 4068 Robertus
1484 4031 1671 4071 Underwood,
1694 4029 1843 4101 ClesiC‘ig‘v
1860 4031 1897 4064 Α·
1910 4030 1943 4068 B.
1955 4032 2146 4065 utsuccedere
2161 4031 2360 4103 liceatcfflrffffi
