2536 4255
212 125 267 173 64

92 248 180 285 1633.
222 245 363 282 legittime
378 246 410 275 &
425 244 460 273 de
474 244 535 280 jure
550 248 718 277 vacantem,
736 239 770 269 &
785 238 820 268 ad
835 238 962 269 nostram
972 238 1213 276 presentationem
1222 237 1283 274 ple-

71 292 124 315 An.
141 296 170 321 9.
222 294 263 314 no
274 285 336 322 jure
351 283 542 322 spectantem,
556 278 594 308 Et
606 277 767 314 diriguntur
779 277 818 308 he
834 276 928 307 Lirere
949 276 1126 308 Reverendo
1149 278 1178 307 in
1195 275 1284 306 Chri-

69 336 133 360 (μιν.
157 333 181 352 1.
222 322 266 352 sto
282 323 354 353 Patri
374 321 511 351 Domino
530 317 645 346 Roberto
656 339 665 354 ,
683 315 871 355 coventrienst
887 316 920 346 &
938 315 1065 356 Licherfi
1083 315 1238 355 Episcopo.

262 361 352 391 Teste
367 360 450 399 Rege
469 357 543 396 apud
563 354 989 394 Westmonasterium,vicesimo
1007 355 1086 386 sexto
1103 356 1149 385 die
1168 357 1287 393 Septem-

225 401 291 431 bris.

258 478 373 509 Thomas
397 474 521 513 ΨαΙᾸνεν,
551 472 697 510 Clericus,
720 471 807 502 Sacre
825 471 991 512 Theologie
1011 470 1177 507 Professor,
1203 469 1287 499 habet

221 517 381 550 consimiles
409 515 514 544 Literas
539 513 669 543 Parentes
694 511 730 541 de
758 511 962 550 presentatione
986 511 1019 541 ad
1051 509 1220 539 Reetoriam
1250 507 1286 537 de

222 561 359 587 Somerton
384 553 515 584 Diocefis
539 554 664 588 Oxonie,
691 560 740 588 per
766 551 985 588 promotionem
1013 547 1161 579 lellielmi
1183 545 1286 584 Juxon

221 597 335 626 Leeim
355 592 496 623 Civilium
517 590 659 621 Doetoris
678 590 770 619 ultimi
800 588 995 619 Incunibentis
1021 586 1130 616 ibidem
1157 590 1192 614 ad
1217 583 1287 621 Epi-

217 631 363 672 scopatum
382 631 519 667 London,
533 630 595 668 jam
614 637 781 666 vacantem,
802 628 834 658 &
851 628 886 658 ad
906 627 1029 657 nostram
1049 624 1285 661 presentationem

216 676 278 713 jure
299 671 474 710 prerogative
492 669 612 699 Corone
631 667 726 698 nostre
744 666 855 706 Regie,
873 667 925 696 hac
943 666 1006 694 vice
1024 663 1196 699 spec'iantem
1212 673 1222 699 ς
1248 661 1286 692 Et

221 713 380 751 diriguntur
400 711 433 739 ize
454 709 548 739 Litere
567 706 738 738 Reverendo
755 707 785 736 in
805 704 924 735 Christo
943 703 1020 734 Patri
1028 702 1166 732 Domino
1174 700 1287 740 Johan-

219 755 267 789 ni,
287 752 394 779 Oxonie
410 748 566 788 Episcopo.

260 788 350 820 Teste
364 788 447 826 Rege
467 786 543 824 apud
562 783 834 825 Wstmonasterjum‚
852 781 991 812 vicesimo
1008 779 1116 810 ottavo
1133 778 1180 810 die
1198 779 1284 809 Oc'lo-

221 830 286 861 bris.

261 909 416 938 Mam-icius
432 903 579 941 Vaughan,
597 900 742 936 Clericus,
763 899 792 927 in
815 895 930 927 Artibus
951 895 1283 935 R'lagister,habetcon-

222 948 324 980 similes
344 946 454 976 Literas
467 943 598 974 Parentes
613 940 647 970 de
684 937 865 967 resentatione
879 935 914 965 ad
931 934 1099 965 Recioriam
1114 936 1150 966 de
1162 933 1282 964 Penrith

220 986 352 1018 Diocesis
366 982 539 1022 Menevenfis
549 1005 558 1019 ,
576 989 625 1018 per
859 1013 863 1018 ἰ
1074 1013 1079 1018 ι

217 1027 277 1065 jam
294 1032 460 1060 vacantem,
479 1023 512 1053 &
529 1021 563 1051 ad
579 1016 701 1048 nostram
718 1014 955 1053 presentationem
972 1012 1058 1050 pleno
1068 1023 1131 1050 jure
1155 1011 1281 1050 spectan-

177 1080 179 1083 ·
221 1074 280 1096 tem
297 1075 308 1103 3
334 1062 373 1093 Et
394 1062 552 1100 diriguntur
574 1058 610 1087 lie
626 1055 720 1084 Litere
744 1051 918 1084 Reverendo
938 1052 969 1081 in
986 1050 1107 1083 Christo
1124 1051 1198 1082 Patri
1213 1050 1282 1080 Do-

221 1105 304 1134 mino
318 1099 476 1138 Theophila,
491 1101 628 1128 Meneven
641 1103 650 1119 ι
664 1091 820 1132 Episcopo.
899 1129 904 1134 ι

255 1141 346 1172 Teste
367 1139 452 1177 Rege
475 1136 549 1175 apud
566 1137 614 1166 We
625 1130 843 1171 monasterium,
876 1128 1014 1161 vicesimo
1032 1129 1110 1161 sexto
1127 1129 1175 1170 die
1194 1129 1279 1159 0520-

220 1181 286 1212 bris.

257 1256 424 1290 Willielmus
436 1249 587 1290 Ambrofi‘,
606 1247 752 1285 Clericus,
769 1247 857 1278 habet
872 1246 1033 1277 consimiles
1051 1245 1160 1277 Literas
1175 1244 1279 1277 Paten-

216 1306 258 1330 tes
272 1298 308 1329 de
321 1294 521 1336 presentatione
535 1289 568 1320 ad
585 1287 757 1318 Restm-iam
773 1286 808 1317 de
823 1285 916 1315 Salcot
932 1289 960 1316 V
961 1285 1028 1324 irley
1049 1285 1180 1316 Diocesis
1203 1288 1278 1315 Lon-

217 1339 287 1375 don,
301 1339 359 1375 jani
375 1332 511 1371 legittime
526 1329 558 1359 &
574 1327 610 1357 de
621 1327 687 1370 jure·
700 1334 869 1363 vacantem,
888 1325 920 1355 ὃ(
937 1324 972 1356 ad
988 1324 1115 1355 nostram
1138 1323 1278 1363 presenta-

216 1378 326 1407 tionem
351 1383 399 1410 per
422 1368 543 1406 Lapsum
565 1374 702 1403 temporis
722 1364 779 1394 five
795 1373 843 1402 per
858 1365 1026 1401 pravitatem
1047 1363 1197 1400 Simonie,
1223 1363 1278 1394 hac

217 1416 284 1445 vice
299 1413 490 1451 spmflnuemg
510 1405 548 1436 Et
563 1405 722 1444 diriguntur
738 1403 773 1433 he
799 1403 892 1433 Litere
910 1402 1084 1434 Reverendo
1105 1403 1135 1433 in
1158 1400 1278 1432 Christo

217 1453 293 1485 Patri
308 1451 441 1482 Domino
457 1448 499 1477 W
500 1444 607 1475 illielmo
617 1466 626 1481 ,
644 1443 762 1472 London
778 1441 932 1480 Episcopo.

258 1490 347 1522 Teste
365 1488 447 1526 Rege
463 1484 539 1524 apud
559 1480 836 1522 westmonasterium,
856 1479 1000 1511 tricesimo
1018 1480 1116 1518 primo
1133 1480 1180 1511 die
1194 1480 1278 1510 Ollo-

219 1531 283 1561 bris.

251 1606 397 1646 Johannes
410 1602 533 1642 Shipfi’y,
553 1600 702 1635 Clericus,
719 1599 749 1628 in
768 1598 853 1629 Sacra
871 1597 1038 1637 Theologia
1056 1595 1278 1636 Professor,ha-

216 1649 263 1678 ber
277 1643 438 1676 conlimiles
456 1642 562 1672 Literas
578 1640 708 1670 Patentes
728 1637 763 1668 de
777 1637 982 1675 presentatione
1005 1636 1040 1667 ad
1056 1635 1226 1667 Re&oriam
1242 1636 1279 1666 de

213 1683 366 1724 Duszsfei'ld
386 1681 519 1712 Diocesis
544 1680 709 1715 lVintonie,
745 1686 793 1714 per
814 1685 939 1708 mortem
963 1676 1054 1706 ultimi
1076 1675 1279 1706 incumbentis

213 1725 322 1755 ibidem
333 1723 394 1760 jani
408 1728 577 1757 vacantem,
596 1718 629 1749 ὃς
650 1715 685 1746 ad
706 1715 834 1745 nostram
858 1715 1096 1753 presentationem
1120 1714 1205 1751 pleno
1223 1714 1278 1744 'ure

212 1764 405 1801 spectantem,
426 1759 466 1790 Et
479 1758 636 1795 diriguntur
651 1755 689 1785 lie
704 1754 801 1785 Litere
815 1754 986 1785 Reverendo
1002 1754 1032 1783 in
1058 1751 1177 1783 Christo
1226 1753 1279 1784 atri

214 1803 349 1834 Domino
363 1797 503 1836 waltero,
520 1796 664 1826 l‘Vintonie
678 1793 831 1830 Episcopo.

249 1840 340 1873 Teste
355 1837 438 1877 Rege
452 1834 526 1876 apud
541 1832 819 1875 bVestmonallerium,
836 1830 1010 1862 duodecimo
1031 1830 1078 1861 die
1099 1829 1235 1860 Ol't'obris.

250 1918 355 1950 David
368 1914 507 1948 Williams
546 1911 693 1949 Clericus,
719 1910 807 1941 habet
833 1908 995 1940 consimiles
1015 1907 1126 1939 Literas
1145 1907 1280 1939 Parentes

211 1959 248 1990 de
267 1956 469 1997 presentatione
485 1936 526 1983 ‘ad’
538 1951 681 1981 Vicariam
700 1949 736 1993 de
754 1947 914 1991 Ars-{rlcssorf
934 1947 1067 1978 Diocesis
1084 1946 1278 1988 Menevenfis‚

210 2009 259 2037 per
285 2004 409 2027 mortem
432 1991 527 2024 ultitrii
550 1990 750 2020 incumbentis
771 1989 878 2018 ils-idem
897 1996 956 2025 jam
980 1994 1147 2024 vacantem,
1181 1988 1216 2018 ὃς
1242 1987 1277 2017 ad

210 2036 338 2068 nostram
366 2031 602 2071 p1·elent,..·innem
621 2028 704 2066 tleno
724 2029 781 2063 {tire
796 2026 993 2063 spectantem,
1012 2025 1048 2056 Et
1067 2025 1222 2064 diriguntur
1240 2025 1277 2056 he

213 2076 311 2106 Litere
330 2071 506 2104 Reverendo
525 2070 555 2099 in
572 2066 689 2098 Christo
708 2067 784 2098 Patri
804 2065 940 2096 Domino
949 2064 1278 2105 Theophilo,Me71eve7fi

206 2115 233 2146 E
256 2114 311 2144 isco
332 2123 360 2144 o.

235 2124 334 2183 pTestt}
355 2152 438 2190 Rege
457 2148 532 2188 apud
552 2145 813 2186 Wstmonasterium
830 2168 841 2185 ,
879 2143 997 2175 decimo
1021 2144 1101 2176 sexto
1127 2143 1173 2175 die
1193 2143 1278 2174 0630-

212 2192 277 2223 bris.

246 2269 396 2309 Jobannes
409 2266 549 2304 Sem-old,
569 2264 716 2306 Clericus,
734 2263 763 2293 in
780 2262 897 2294 Artibus
911 2260 1067 2300 Magister,
1086 2262 1170 2293 habet
1183 2260 1274 2292 consi-

210 2312 290 2340 miles
306 2310 410 2339 Lizcras
425 2308 556 2338 Parentes
572 2304 606 2334 de
625 2303 830 2341 prelentatione
844 2302 878 2332 ad
889 2300 1055 2332 Rec'loriam
1063 2301 1098 2331 de
1108 2300 1275 2330 CreedDio-

210 2349 277 2379 celis
294 2350 422 2383 Εκωῖο,
438 2356 487 2384 per
503 2353 629 2374 mortem
650 2342 704 2371 sive
722 2341 890 2372 Ceffionem
899 2340 994 2371 ultimi
1008 2339 1205 2370 incumbentis
1219 2340 1274 2369 ibi-

209 2388 277 2417 deiii
292 2397 352 2425 ,tetii
372 2393 536 2421 vacantem,
556 2384 588 2412 ἐξ
602 2381 636 2411 ad
651 2380 777 2410 nostram
792 2380 1024 2417 presentationem
1041 2378 1126 2416 pleno
1139 2379 1202 2416 jure
1211 2378 1273 2415 spe-

209 2426 355 2462 emim-m,
377 2425 412 2454 Lx
429 2424 587 2456 diriguntur
603 2421 639 2449 lie
659 2420 748 2449 Licere
765 2418 943 2450 Reverendo
958 2419 985 2447 in
994 2417 1111 2448 Christo
1120 2417 1196 2448 Patri
1206 2417 1271 2447 Do-

212 2467 293 2494 mino
310 2462 446 2503 Jslsflw,
467 2463 574 2491 Exozxie
594 2459 743 2497 Episcopo.

211 2541 228 2571 b
246 2503 336 2533 Teste
356 2502 441 2539 Rege
462 2499 535 2538 apud
556 2497 830 2538 l‘Vfssmonasterium,
852 2495 994 2528 tricesimo
1014 2496 1111 2534 primo
1126 2494 1172 2526 die
1189 2496 1272 2525 050-

230 2552 278 2571 ΥΠ.
399 2560 405 2570 a

249 2618 381 2648 Ricardus
402 2620 511 2652 Horne,
538 2613 688 2651 Clericus,
714 2614 743 2643 in
760 2612 874 2644 Artibus
890 2611 1045 2652 Magister,
1070 2611 1155 2643 habet
1178 2611 1272 2642 consi-

213 2659 294 2688 miles
312 2657 417 2687 Literiis
431 2656 561 2696 Parentes
575 2653 610 2682 de
625 2652 830 2690 presentarioiie
847 2652 880 2682 ad
895 2651 1065 2682 Rec‘toriam
1080 2651 1116 2681 de
1129 2654 1272 2680 Finmeare

209 2696 347 2727 Diocesis
367 2697 492 2727 0xonie,
513 2701 571 2729 Jam
587 2691 726 2727 legittime
741 2692 772 2720 ὃς
787 2691 822 2721 de
838 2692 898 2728 jure
920 2699 1088 2727 vacantem,
1113 2690 1146 2720 δε
1160 2689 1195 2720 ad
1217 2699 1272 2720 no-

209 2735 293 2765 stram
311 2733 550 2771 presentationem
566 2730 672 2758 ratione
690 2730 808 2758 minoris
823 2730 903 2759 eratis
921 2728 1038 2758 Patroni
1051 2728 1097 2758 vel
1118 2727 1272 2758 Patronisse

209 2774 338 2804 Eccleiie
355 2772 390 2803 de
408 2775 551 2800 meeare
570 2767 695 2804 predista
710 2789 720 2804 ,
757 2767 814 2796 five
841 2777 889 2803 per
918 2767 1041 2804 Lapsum
1061 2768 1196 2803 temporis
1216 2767 1271 2797 sive

208 2823 257 2851 per
273 2811 441 2850 pravitatem
459 2806 606 2843 Simonie,
628 2806 679 2836 hic
699 2805 762 2835 vice
782 2804 982 2842 spectantem,
1010 2804 1046 2834 Et
1063 2805 1218 2840 diriguntur
1237 2805 1273 2835 he

205 2852 301 2881 Litere
318 2847 493 2880 Reverendo
508 2847 537 2875 in
556 2843 675 2875 Christo
694 2843 769 2874 Patri
788 2843 923 2874 Domino
940 2841 1087 2881 Johanni,
1110 2845 1215 2872 Oxonie
1232 2841 1273 2872 E-

225 2890 285 2920 isco
305 2899 334 2918 o.

203 2900 223 2929 p
244 2899 335 2960 ‘sepite
350 2926 430 2965 Rege
444 2923 519 2963 apud
535 2920 796 2962 westmonasterium
806 2944 816 2960 ,
835 2920 912 2951 sexto
929 2918 976 2950 die
1000 2918 1178 2950 Novembris.

249 3007 384 3035 Henricus
399 3002 545 3039 Goldinge,
565 2998 712 3037 Clericus,
732 2999 762 3028 in
777 2998 893 3029 Artibus
910 2995 1071 3034 Magister,
1089 2996 1175 3027 habet
1195 3005 1270 3026 con-

214 3044 316 3075 similes
332 3043 440 3074 Literas
457 3040 585 3070 Parentes
600 3038 636 3067 de
651 3037 854 3078 presentatione
872 3036 906 3067 ad
922 3036 1092 3066 Re&oriani
1108 3034 1143 3065 de
1167 3036 1271 3065 Mark-

208 3083 261 3123 lley
273 3083 336 3113 alias
349 3085 400 3120 Tey
417 3077 582 3109 Manae-vill
595 3076 724 3107 Diocesis
738 3075 874 3113 London,
896 3075 956 3113 jam
970 3075 1110 3113 legittime
1125 3074 1158 3104 &
1174 3073 1210 3104 de
1225 3076 1271 3113 ju·

209 3132 238 3152 re
256 3129 423 3155 vacantun,
441 3119 474 3150 &
494 3116 527 3147 ad
548 3114 675 3145 nostram
719 3114 932 3145 resentationem
957 3113 1041 3150 pleno
1059 3114 1122 3151 jure
1142 3112 1270 3149 spedian-

208 3169 289 3198 tem,
310 3159 346 3190 Et
361 3158 518 3196 diriguntur
533 3156 570 3184 he
589 3154 683 3184 Litere
730 3152 874 3184 everendo
887 3153 916 3182 in
935 3151 1053 3183 Christo
1069 3151 1143 3182 Patri
1160 3151 1270 3183 Domi-

212 3209 253 3229 no
269 3196 431 3233 Wlfflmo,
449 3193 563 3225 London
571 3191 724 3232 Episcopo.

249 3237 339 3269 Teste
359 3236 443 3275 Rege
465 3231 539 3271 apud
561 3230 815 3270 Westmonasterium
831 3252 841 3269 ,
871 3228 1048 3260 duodecimo
1072 3228 1119 3260 die
1144 3230 1270 3259 Novem-

214 3276 280 3306 bris.

249 3352 365 3382 Thomas
384 3349 540 3387 Williams,
559 3347 706 3383 Clericus,
724 3348 753 3376 in
774 3347 888 3377 Artibus
906 3344 1065 3383 Magister,
1089 3345 1176 3377 habet
1199 3354 1273 3375 con-

215 3391 318 3422 similes
332 3391 437 3420 Literas
450 3389 580 3419 Parentes
601 3386 637 3416 de
657 3385 862 3425 presentatione
890 3385 924 3414 ad
953 3384 1096 3415 Vicariam
1119 3384 1154 3414 de
1181 3383 1273 3413 Llan-

212 3430 327 3460 badrick
350 3427 479 3459 Diocefis
502 3431 629 3464 Bangor‚
657 3434 706 3462 per
721 3425 936 3463 reiignationem
961 3422 1055 3453 ultimi
1075 3422 1273 3453 Incumbentis

212 3469 320 3499 ibidem
336 3469 396 3505 jam
413 3475 576 3502 vacantem,
595 3466 628 3495 ἃ
645 3464 679 3494 ad
696 3462 821 3493 nostram
843 3462 1083 3500 presentationem
1109 3461 1193 3498 pleno
1211 3462 1273 3499 jure

89 3513 108 3533 ὓ
119 3514 200 3543 XIX.
212 3507 403 3546 speetantem3
423 3504 460 3534 Et
481 3504 499 3523 ¹*
520 3505 681 3540 diriguntur
696 3503 733 3531 lie
750 3501 844 3532 Litere
857 3500 1032 3531 Reverendo
1045 3501 1074 3530 in
1083 3498 1201 3530 Christo
1216 3500 1272 3531 Pa-

104 3554 168 3588 53⁶-
214 3548 251 3577 tri
268 3546 403 3584 Domino
420 3544 548 3580 Davisii,
567 3546 677 3578 Bangor
691 3540 847 3577 Episcopo.

250 3584 343 3614 Teste
368 3583 453 3622 Rege
480 3582 555 3620 apud
580 3578 840 3619 Wstmonasterium
857 3602 867 3615 ,
904 3577 1019 3607 decimo
1044 3577 1128 3608 tertio
1144 3576 1191 3607 die
1210 3578 1273 3606 No-

215 3624 343 3653 vembris.

247 3699 392 3738 Jahannes
412 3697 547 3734 Cleaver,
564 3694 693 3726 Clericus
704 3719 713 3732 ,
735 3696 764 3724 in
782 3693 898 3724 Artibus
915 3692 1071 3730 Magister,
1095 3693 1184 3724 habet
1200 3702 1274 3722 cori-

212 3739 312 3768 similes
337 3739 442 3768 Literas
466 3736 596 3766 Parentes
617 3734 652 3764 de
675 3732 881 3770 presentatione
903 3731 937 3761 ad
961 3731 1107 3761 Vicariam
1129 3731 1166 3761 de
1184 3733 1274 3760 Nova

211 3779 252 3805 W
255 3777 344 3814 indfhr
362 3775 491 3806 Diocesis
504 3778 618 3809 Sartmz,
639 3783 687 3810 per
706 3780 829 3801 mortem
846 3770 938 3799 ultimi
952 3769 1150 3800 incumbentis
1162 3769 1273 3799 ibidem

207 3817 265 3854 jam
281 3824 446 3852 vacantem,
466 3815 499 3844 δε
516 3813 551 3842 ad
566 3811 692 3841 nostram
707 3809 941 3846 presentationem
960 3809 1045 3844 pleno
1059 3809 1122 3846 jure
1145 3806 1276 3846 specstan-

217 3861 290 3886 [επις
307 3853 343 3882 Et
360 3853 519 3891 diriguntur
533 3852 570 3880 he
589 3851 685 3880 Litere
703 3847 878 3878 Reverendo
893 3848 922 3877 in
939 3845 1058 3877 Christo
1073 3846 1148 3877 Patri
1166 3845 1273 3876 Domi-

211 3900 251 3922 no
266 3889 393 3926 Johanni
403 3914 410 3927 ,
428 3894 525 3920 Sarum
541 3889 696 3926 Episcopo.

243 3928 332 3995 TZste
351 3928 432 3965 Rege
459 3927 533 3966 apud
553 3925 812 3966 bVestrimrzasterium
832 3946 842 3963 ,
878 3924 996 3955 decimo
1012 3924 1123 3955 oCtavo
1140 3921 1186 3953 die
1211 3924 1275 3952 No-

209 3978 272 3998 vem
293 3976 340 3995 ris.

223 4042 326 4076 David
348 4039 496 4079 Williams,
519 4039 666 4079 Clericus,
691 4042 721 4071 iii
737 4040 866 4072 Artibus
881 4038 1039 4079 Magister,
1067 4038 1153 4070 habet
1170 4038 1265 4070 confi-

566 109 1392 158 CONVENTIONES,
1449 109 1886 168 LITERAE„

67 209 147 242 Anii.
157 205 202 237 D.
218 206 304 244 burgh
320 208 349 237 in
369 206 443 236 Villa
457 202 556 234 Derbie
566 224 575 239 ‚
587 199 727 230 *Diocesis
743 197 944 238 Coventrienfis
959 199 994 230 &
1021 197 1162 239 Lichenfis
1180 221 1190 235 ,
1222 198 1279 235 jam
1319 196 1402 227 miles
1420 197 1523 228 Literas
1538 198 1669 229 Patentes
1683 197 1719 229 de
1734 197 1940 237 presentatione
1954 198 1990 230 ad
2008 199 2189 241 Ree'toriam
2204 203 2240 236 de
2257 204 2394 247 Horfing-
2414 203 2491 236 Arm.
2501 206 2536 240 D

1327 243 1375 265 ton
1395 235 1526 267 Diocesis
1547 236 1741 276 Bathonienfis
1763 237 1797 268 &
1826 237 1983 283 Wllenfis,
1997 241 2060 279 jam
2080 241 2218 281 legittime
2232 244 2265 275 &
2278 245 2316 276 de
2329 247 2390 284 jure
2429 243 2516 285 1633.

1325 283 1491 313 vacantem,
1515 276 1592 307 &ad
1607 277 1734 307 nostram
1751 275 1988 316 presentationem
2002 288 2052 316 per
2067 278 2339 321 Lapsum-temporis
2353 285 2386 315 si-
2405 286 2458 310 An.
2477 294 2529 319 9⁸

1325 322 1361 341 ve
1377 322 1425 349 per
1442 315 1610 351 pravitatem
1624 315 1774 353 Simonie,
1793 315 1846 345 hac
1861 316 1926 346 vice
1949 316 1966 346 s
1997 318 2143 355 <Stantem3
2168 319 2206 349 Et
2227 321 2388 358 diriguntur
2403 325 2471 351 Car·
2482 332 2506 351 1-

1324 351 1360 380 he
1377 350 1472 381 Litere
1487 352 1662 384 Reverendo
1674 354 1703 384 in
1719 353 1836 384 Christo
1851 354 1926 386 Patri

1327 388 1414 428 nienfi
1430 391 1463 420 ὃς
1484 391 1607 431 Wllenfi
1625 392 1781 430 Episcopo.

1327 427 1449 495 his-este
1479 428 1563 468 Rege
1589 433 1664 468 apud
1691 431 1958 471 Westmonasterium
1977 457 1987 472 ,
2025 434 2164 466 vicesimo
2185 427 2395 469 die-Novem

1981 357 2085 387 omino
2102 357 2266 397 Wllielmo,
2283 361 2393 392 Batho-

1362 545 1534 574 Laurentites
1552 546 1627 584 Pay‚
1655 544 1803 584 Clericus,
1829 546 1860 577 i'n
1878 547 1995 579 Artibus
2007 549 2166 590 Magister,
2191 552 2278 585 habet
2295 554 2398 585 consi-t

1325 582 1402 626 miles
1419 583 1526 615 Literas
1545 583 1675 615 Parentes
1694 584 1730 614 de
1742 584 1950 623 presentatione
1963 589 1998 617 ad
2014 589 2192 621 Prehendam
2210 592 2270 623 sive
2285 592 2389 624 Cano-

1324 630 1450 666 nic-atum
1464 623 1500 665 de
1520 624 1645 653 Marden
1660 623 1724 653 alias
1737 624 1863 655 Mardan
1879 625 1908 653 in
1923 625 2048 657 Ecclesia
2062 627 2224 661 Cathedrali
2241 625 2396 672 cicestren-⁸

1334 670 1363 698 1,
1380 660 1514 705 Diocesis
1525 660 1711 702 Cicestrenfis,
1728 672 1776 700 per
1792 664 2009 700 promotionem
2027 666 2169 698 Willielmi
2194 669 2297 707 Juxon
2329 671 2389 702 Le-

1324 707 1398 735 gum
1427 698 1567 730 Civdium
1592 700 1734 732 Doctoris
1758 701 1794 731 ad
1815 699 2022 740 Episcopatum
2045 706 2177 744 London,
2197 709 2257 745 jam
2281 719 2388 741 vacan-

1324 745 1402 776 tern,
1421 737 1454 768 ὃ(
1470 737 1504 782 ad
1521 738 1648 770 nostram
1663 739 1897 777 presentationem
1914 742 1976 780 jure
1996 745 2175 782 prerogative
2193 745 2314 779 Corone
2334 759 2390 780 no·

1323 775 1377 805 stre
1403 775 1493 816 Regie
1514 778 1619 814 Anglie
1635 779 1690 809 hac
1713 779 1778 809 vice
1798 779 1972 815 ipeetanrem
1990 791 2001 818 3
2040 779 2079 811 Et
2104 781 2260 822 diriguntur
2279 787 2314 818 he
2335 787 2386 818 Li-

1323 823 1395 883 {eres
1406 814 1584 846 Reverendo
1605 818 1634 847 in
1659 816 1781 848 Christo
1803 817 1882 848 Patri
1904 818 2040 849 Domino
2061 823 2178 851 Ricardo
2195 845 2205 860 ,
2238 824 2392 867 cicestrensi

1351 864 1379 891 pi
1392 864 1480 892 copo.
1868 878 1870 880 v

1319 892 1448 960 brsfeste
1477 893 1559 932 Rege
1587 893 1662 932 apud
1699 893 1957 934 Westmonasterium
1973 919 1984 936 ‚
2021 897 2157 929 vicesimo
2185 898 2230 932 die
2259 902 2387 934 Novem-

1353 943 1363 961 1
1379 955 1386 961 .

678 976 816 1007 ess‘ionem
835 974 926 1004 ultimi
949 972 1148 1004 Incumbentis
1173 973 1281 1003 ibidem
1311 976 1313 978 ’

1367 1008 1529 1054 Willieimus
1544 1008 1692 1048 Lincolne,
1709 1008 1855 1050 Clericus,
1869 1012 1898 1042 in
1913 1011 2027 1044 Artibus
2040 1012 2200 1055 Magister,
2216 1016 2305 1048 habet
2315 1027 2389 1050 con-

1322 1046 1548 1092 fimiles-Literas
1566 1049 1696 1092 Parentes
1712 1049 1747 1079 de
1764 1050 1966 1088 presentatione
1980 1051 2015 1082 ad
2030 1050 2200 1085 Rectoriam
2216 1056 2251 1086 de
2275 1058 2388 1087 Panton

1320 1086 1452 1118 Diocelis
1475 1087 1618 1131 Lincolnif
1633 1111 1643 1126 ‚
1666 1097 1728 1125 Jam
1749 1088 1886 1127 legittime
1906 1089 1938 1120 ὃς
1963 1089 2000 1120 de
2014 1089 2077 1127 jure
2098 1101 2245 1124 vacantem
2253 1117 2263 1132 ,
2290 1095 2323 1126 &
2349 1096 2386 1127 ad

1318 1125 1444 1157 nostram
1462 1126 1697 1171 presentationem
1704 1136 1764 1195 lper
1779 1129 1947 1165 pravitatem
1963 1129 2094 1159 Simonie
2107 1129 2161 1160 hac
2177 1132 2242 1162 vice
2255 1133 2386 1171 spectan-

1321 1174 1380 1196 tem
1395 1177 1405 1203 ς
1425 1164 1463 1195 Et
1477 1166 1636 1204 diriguntur
1652 1166 1689 1196 he
1732 1174 1800 1196 itere
1814 1165 1990 1198 Reverendo
2004 1169 2036 1198 in
2053 1167 2174 1199 Christo
2189 1168 2265 1201 Patri
2273 1172 2386 1204 Domi-

1318 1213 1359 1234 no
1374 1203 1523 1242 Johanni,
1542 1203 1682 1234 Lincolnie
1697 1203 1855 1244 Episcopo.

1315 1242 1444 1311 νεῖἷνίῗξ
1469 1242 1553 1282 Rege
1575 1242 1650 1281 apud
1679 1243 1937 1284 westmonasterium
1955 1267 1966 1283 ,
2001 1244 2119 1276 decimo
2140 1247 2243 1284 quinto
2260 1247 2307 1279 die
2325 1229 2394 1281 No->

1351 1357 1500 1404 Johaqnes
1513 1357 1644 1397 English,
1666 1360 1696 1389 in
1711 1358 1797 1391 Sacra
1811 1359 1980 1399 Theologia
2002 1361 2166 1402 Professor,
2190 1362 2276 1395 habet
2290 1364 2386 1396 confi-

1316 1399 1398 1429 miles
1410 1398 1520 1442 Literas
1533 1397 1664 1428 Parentes
1676 1398 1713 1428 de
1729 1397 1924 1430 Concessione
1948 1401 1981 1432 &
2002 1400 2173 1432 Donatione
2193 1402 2228 1433 ad
2252 1402 2382 1434 Preben-

1316 1437 1384 1467 dam
1401 1440 1459 1468 live
1470 1436 1686 1467 Canonicatum
1699 1437 1728 1466 in
1743 1436 1869 1467 Ecclesia
1890 1437 2052 1473 Cathedrali
2071 1440 2167 1477 fizm‘i‘e
2189 1441 2222 1472 &
2239 1442 2383 1473 individue

1315 1479 1465 1506 Trinitatis
1485 1474 1651 1520 §lancastrie
1669 1497 1678 1512 ,
1717 1485 1765 1512 per
1790 1481 1917 1506 mortem
1938 1476 2002 1506 Elie
2028 1478 2145 1507 Wrench
2161 1478 2271 1510 Clerici
2290 1482 2384 1512 ultimi

1317 1514 1503 1546 Prebendarii
1518 1514 1573 1545 sive
1590 1512 1734 1544 Canonici
1750 1513 1876 1552 ibidem,
1892 1514 1952 1551 jam
1966 1523 2132 1554 vacantem,
2151 1518 2186 1549 &
2201 1518 2236 1548 ad
2252 1519 2379 1551 nostram

1317 1552 1716 1623 {itonationemssollationem
1731 1552 1765 1584 &
1780 1553 1901 1583 liberam
1916 1552 2130 1590 dispositionem
2145 1556 2231 1595 pleno
2243 1557 2307 1594 jure
2321 1558 2383 1596 spe-

1347 1601 1453 1624 antem.

1352 1631 1443 1701 Tleite
1464 1630 1546 1671 Rege
1568 1629 1643 1671 apud
1676 1628 1955 1671 westmonasterium,
1980 1629 2117 1662 vicesimo
2132 1631 2242 1664 oetavo
2253 1634 2301 1666 die
2321 1636 2383 1666 No-

1316 1682 1379 1702 vem
1397 1681 1445 1701 r15.
2252 1681 2257 1687 ’

1356 1748 1490 1780 Ricardus
1501 1747 1592 1778 Sibbes
1602 1771 1612 1787 ,
1629 1746 1776 1786 Clericus,
1792 1748 1821 1777 in
1839 1746 1925 1778 Sacra
1942 1746 2105 1786 Theologia
2118 1746 2282 1786 Professor,
2297 1749 2393 1783 habet

1319 1788 1482 1819 consimiles
1506 1788 1614 1818 Literas
1638 1786 1770 1817 Parentes
1790 1786 1827 1816 de
1850 1787 2054 1826 presentatione
2069 1786 2103 1816 ad
2121 1785 2267 1817 Vicariam
2302 1791 2383 1820 anffe

1320 1829 1354 1860 ὃ(
1368 1827 1509 1857 individue
1521 1829 1668 1856 Trinitatis
1684 1829 1713 1855 in
1727 1824 1802 1855 Villa
1827 1825 2014 1862 Cantabrigie
2026 1823 2161 1856 Diocesis
2182 1825 2267 1856 Elien
2278 1836 2319 1864 ις,
2335 1837 2384 1865 pet

1319 1867 1535 1902 resignationem
1551 1865 1646 1896 ultimi
1660 1863 1860 1895 Incumbentis
1873 1864 1982 1894 ibidem
2000 1863 2062 1900 jam
2079 1872 2228 1895 vacantem
2245 1888 2256 1902 ,
2294 1864 2328 1895 &
2346 1865 2393 1897 ad.

1319 1905 1445 1936 nostram
1466 1904 1704 1943 presentationem
1726 1903 1812 1941 pleno
1836 1903 1899 1940 jure
1929 1902 2103 1940 spectantem
2123 1913 2133 1940 ;
2169 1901 2208 1933 Et
2226 1902 2395 1940 diriguntur.

1315 1945 1354 2014 {e
1365 1945 1467 2013 {arere
1489 1942 1666 1974 Reverendo
1683 1943 1713 1972 in
1729 1940 1847 1973 Christo
1862 1940 1937 1972 Patri
1952 1941 2087 1972 Domino
2101 1940 2243 1980 Francisto
2253 1964 2262 1980 ,
2280 1941 2394 1983 Elienfi'

1342 1993 1371 2023 pi
1384 1990 1485 2022 copo.'

1352 2021 1442 2053 Teste
1460 2021 1544 2060 Rege
1561 2020 1636 2060 apud
1657 2018 1919 2059 Wstmonallerium
1935 2042 1946 2058 ,
1981 2019 2121 2051 vicesimo
2138 2019 2237 2058 primo
2257 2018 2304 2051 die
2321 2020 2386 2057 Νο-Δ

1318 2061 1446 2093 vembris.

1355 2140 1454 2171 Clarus
1470 2137 1658 2175 sacheverell,
1683 2136 1831 2177 Clericus,
1857 2138 1886 2168 in
1913 2136 2033 2168 Artibus
2055 2135 2272 2175 Baccahureus,
2296 2136 2386 2171 habet

1319 2180 1480 2211 consimiles
1503 2179 1612 2209 Literas
1634 2177 1766 2208 Parentes
1786 2177 1822 2207 de
1846 2176 2052 2214 presentatione
2079 2176 2115 2206 ad
2142 2174 2314 2213 Reetoriam
2343 2177 2382 2208 de

1317 2219 1419 2257 Rersby
1436 2217 1567 2249 Diocesis
1580 2215 1736 2254 Lincolnie,
1752 2217 1812 2255 jam
1827 2215 1969 2253 legittime
1985 2216 2017 2246 ὃς
2031 2215 2066 2246 de
2078 2215 2141 2253 jure
2156 2223 2328 2253 vacantem,
2345 2217 2382 2248 ὃς

1317 2259 1353 2289 ad
1368 2258 1493 2289 nostram
1514 2256 1751 2294 presentationem
1768 2264 1816 2292 per
1830 2255 1998 2292 pravitatem
2016 2253 2147 2284 Simonie
2168 2253 2221 2283 hac
2235 2254 2298 2284 vice
2319 2254 2384 2292 spe-

1317 2298 1462 2334 ctantem,
1481 2295 1518 2326 Et
1533 2295 1692 2332 diriguntur
1707 2294 1742 2323 he
1757 2293 1849 2323 Lirere
1866 2292 2039 2324 Reverendo
2053 2293 2084 2323 in
2100 2291 2221 2322 Christo
2229 2291 2382 2324 PatriDo-

1317 2338 1400 2367 mino
1414 2334 1543 2374 Johanni
1551 2357 1561 2372 ,
1579 2332 1724 2363 Lincolnie
1738 2332 1894 2370 Episcopo.
2387 2356 2389 2358 ,

1352 2375 1444 2406 Teste
1459 2374 1541 2413 Rege
1553 2372 1627 2411 apud
1644 2369 1926 2411 Westmonaslerium‚
1950 2370 2088 2403 vicesimo
2109 2368 2234 2410 septimo
2253 2369 2299 2402 die
2319 2371 2383 2401 No-

1314 2414 1445 2446 vembris.

1352 2491 1499 2531 Johannes
1520 2494 1647 2533 Burton,
1671 2487 1819 2527 Clericus,
1854 2488 1973 2527 Legum
1995 2486 2135 2520 Civilium
2161 2487 2387 2526 Baccalaureusf

1314 2533 1401 2563 habet
1423 2530 1584 2562 consimiles
1607 2528 1715 2558 Literas
1738 2527 1868 2558 Parentes
1883 2529 1919 2558 de
1933 2527 2138 2565 presentatione
2159 2527 2194 2558 ad
2211 2527 2380 2558 Reetoriam

1315 2572 1350 2602 de
1364 2570 1514 2601 Helmea'on
1530 2566 1662 2599 Diocesis
1676 2565 1885 2606 Petriburgenfis
1894 2589 1904 2604 ,
1918 2568 1978 2605 jam
1994 2567 2138 2603 legittime
2151 2567 2184 2598 &
2199 2566 2235 2596 de
2246 2566 2310 2603 jure
2324 2573 2375 2594 va-

1314 2618 1450 2648 cantem,
1469 2610 1501 2639 &
1517 2607 1553 2638 ad
1575 2605 1700 2637 nostram
1715 2605 1951 2643 presentationem
1965 2614 2014 2643 per
2029 2605 2153 2643 Lapsum
2171 2603 2304 2640 temporis
2319 2600 2377 2632 five

1315 2659 1365 2687 pei·
1387 2647 1556 2688 pravitatem
1578 2644 1709 2676 Simonie
1731 2644 1785 2674 hac
1809 2645 1875 2674 vice
1899 2644 2091 2681 spectantem,
2117 2642 2156 2672 Et
2167 2642 2325 2679 diriguntur
2339 2640 2376 2671 he

1315 2689 1424 2756 Lites}E
1431 2683 1605 2716 Reverendo
1615 2684 1645 2713 in
1667 2681 1786 2713 Christo
1802 2681 1882 2712 Patri
1894 2681 2028 2713 Domino
2042 2679 2214 2720 Augustino,
2229 2678 2377 2714 Petribur-

1332 2739 1364 2756 επ
1376 2736 1384 2752 1
1446 2725 1506 2754 isco
1526 2733 1554 2753 0-

1311 2739 1330 2765 g
1350 2725 1445 2795 Ἱίείὶξ
1454 2734 1536 2801 Rege
1553 2759 1629 2800 apud
1655 2757 1937 2798 Westmonasterium‚
1958 2756 2098 2788 vicesimo
2118 2754 2226 2786 ottavo
2248 2754 2296 2786 die
2314 2756 2378 2785 No-

1316 2803 1445 2834 vembris.

1352 2882 1422 2908 Simo
1438 2875 1574 2914 Lowthe,
1592 2874 1737 2912 Clericus,
1751 2874 1781 2903 in
1798 2872 1916 2903 Artibus
1931 2870 2068 2910 Magister
2078 2894 2088 2910 ,
2115 2870 2200 2901 habet
2214 2870 2377 2902 consimiles

1316 2918 1421 2949 Literas
1435 2916 1565 2946 Parentes
1578 2913 1613 2945 de
1629 2912 1834 2951 presentatione
1849 2912 1883 2942 ad
1909 2910 2078 2941 Recitoriam
2100 2909 2137 2940 de
2156 2909 2274 2949 Dinglqy
2297 2910 2375 2940 Dio-

1315 2956 1384 2988 cesis
1407 2953 1636 2992 Petriburgenfis‚
1658 2953 1716 2989 jam
1739 2951 1880 2988 legittime
1901 2951 1935 2981 δε
1958 2948 1995 2979 de
2011 2950 2073 2987 jure
2091 2957 2258 2986 vacantem,
2289 2949 2323 2979 &
2339 2948 2377 2980 ad

1314 2995 1441 3025 nostram
1458 2992 1694 3031 presentationem
1710 2999 1759 3027 per
1776 2988 1900 3026 Lapsum
1919 2988 2054 3024 temporis
2071 2986 2126 3018 five
2139 2996 2188 3025 per
2204 2987 2375 3024 pravitatem

1313 3034 1443 3065 Simonie
1455 3033 1510 3062 hac
1524 3032 1590 3061 vice
1603 3029 1794 3067 speetantem3
1813 3027 1852 3058 Et
1873 3027 2035 3063 diriguntur
2053 3024 2091 3054 he
2113 3024 2207 3055 Litere
2223 3024 2374 3057 Reveren-

1312 3074 1352 3103 do
1374 3073 1402 3102 in
1431 3069 1548 3102 Christo
1571 3068 1646 3099 Patri
1671 3067 1809 3098 Domino
1829 3068 1844 3084 ⁴
1866 3063 2017 3103 Augustino
2033 3087 2044 3103 ,
2080 3063 2284 3104 Petriburgenfi
2303 3063 2374 3105 Epi·
2384 3087 2401 3104 ⁶
2415 3087 2497 3115 XIX·

2421 3133 2437 3161 5
2440 3130 2487 3164 3⁷3

1309 3112 1438 3180 scc'ssaece'ste
1452 3147 1537 3185 Rege
1551 3144 1626 3184 apud
1643 3141 1925 3184 Waestmonasterium,
1945 3140 2072 3173 secundo
2085 3140 2133 3172 die
2156 3140 2324 3172 Decembris.

1349 3224 1483 3256 Robertus
1496 3226 1664 3261 Frampton,
1679 3220 1811 3253 Clericus
1822 3243 1831 3258 ‚
1842 3221 1873 3250 in
1888 3219 2002 3250 Artibus
2018 3217 2177 3257 Magister,
2195 3219 2282 3250 habet
2296 3228 2371 3249 con-

1312 3265 1415 3296 similes
1429 3264 1534 3294 Literas
1550 3261 1681 3292 Parentes
1693 3260 1728 3290 de
1743 3259 1949 3300 presentatione
1964 3259 1999 3288 ad
2023 3257 2194 3288 Rec‘lzoriam
2216 3257 2252 3288 de
2271 3260 2375 3295 Bring-

1313 3315 1376 3338 wyn
1401 3303 1467 3333 alias
1486 3304 1641 3339 Bringroyn
1666 3299 1798 3329 Diocesis
1818 3296 2027 3336 Landavenfis,
2045 3298 2106 3334 jam
2127 3296 2267 3333 legittime
2289 3296 2321 3327 ὅτ.
2337 3298 2375 3327 de

1308 3345 1372 3381 jure
1389 3348 1556 3377 vacantem,
1579 3341 1613 3371 &
1636 3337 1670 3369 ad
1687 3336 1813 3368 nostram
1835 3335 2070 3376 presentationem
2094 3345 2144 3372 per
2159 3334 2284 3374 Lapsum
2300 3343 2375 3365 tem-

1311 3382 1388 3419 poris
1402 3380 1459 3410 five
1473 3389 1522 3417 per
1536 3378 1704 3416 pravitatem
1718 3375 1864 3412 Simonie,
1883 3374 1935 3404 hac
1958 3374 2022 3403 vice
2042 3372 2235 3410 speetantem3
2253 3371 2292 3404 Et
2305 3373 2376 3404 diri-

1312 3428 1417 3457 guntur
1436 3418 1474 3448 he
1491 3417 1583 3447 Litere
1600 3413 1773 3446 Reverendo
1788 3414 1816 3443 in
1831 3411 1949 3443 Christo
1962 3411 2040 3443 Patri
2054 3411 2192 3442 Domino
2212 3410 2376 3450 Wllielmo,

1313 3455 1496 3495 Landavenfi
1510 3454 1666 3495 Episcopo.

1348 3495 1437 3527 Teste
1453 3495 1536 3533 Rege
1552 3494 1627 3532 apud
1643 3490 1920 3532 Wstmonasterium‚
1946 3488 2066 3520 decimo
2078 3489 2182 3528 quinto
2194 3488 2372 3520 dieNovew

1312 3536 1379 3566 bris.

1348 3611 1499 3652 Johannes
1517 3611 1647 3647 Wncent,
1666 3606 1814 3644 Clericus,
1837 3607 1866 3636 in
1881 3606 2000 3637 Artibus
2014 3603 2171 3643 Magister,
2195 3604 2282 3634 habet
2295 3608 2369 3630 con-

1312 3651 1412 3681 fimiles
1437 3649 1543 3680 Literas
1562 3647 1696 3678 Parentes
1719 3645 1754 3676 de
1776 3644 1982 3682 presentatione
2003 3643 2038 3674 ad
2061 3643 2232 3674 Retstoriam
2246 3639 2282 3668 de
2295 3637 2368 3667 Hel-

1312 3688 1450 3727 mingham
1466 3686 1596 3718 Diocesis
1612 3683 1814 3723 Norwicenfis,
1832 3692 1881 3721 per
1895 3682 2063 3713 Cessionern
2080 3682 2177 3716 ultimi
2191 3675 2367 3709 Incumben-

1311 3730 1346 3759 tis
1368 3727 1479 3758 ibidem
1496 3726 1557 3763 jam
1578 3732 1750 3760 vacantem,
1776 3722 1809 3752 &
1833 3721 1868 3752 ad
1890 3721 2016 3752 nostram
2034 3718 2266 3758 presentationem
2284 3714 2371 3758 pleno

1309 3769 1371 3805 jure
1393 3766 1409 3796 s
1424 3765 1586 3801 ediantemz,
1612 3761 1649 3792 Et
1671 3761 1826 3799 diriguntur
1848 3760 1884 3790 he
1906 3760 2000 3790 Litere
2017 3756 2186 3788 Reverendo
2206 3762 2237 3782 in
2251 3751 2370 3784 Christo

1312 3806 1388 3836 Patri
1403 3776 1540 3835 &omino
1553 3801 1686 3837 Ricardo,
1709 3797 1878 3837 Norwicenfi
1894 3797 2049 3838 Episcopo.
2153 3815 2155 3817 -

1350 3842 1441 3874 Teste
1454 3840 1540 3878 Rege
1555 3838 1628 3877 apud
1645 3836 1924 3878 Westmonasterium,
1942 3837 2027 3867 tertio
2042 3833 2087 3864 die
2102 3828 2264 3860 Decembris.

1353 3919 1485 3951 Ricardus
1500 3919 1596 3956 Pepis,
1613 3915 1761 3953 Clericus,
1782 3915 1811 3944 in
1825 3913 1944 3944 Artibus
1959 3906 2118 3950 Magister,
2131 3906 2219 3938 hebet
2234 3906 2371 3938 consimi-

1313 3961 1352 3990 les
1378 3959 1486 3989 Literas
1507 3955 1640 3986 Parentes
1663 3954 1698 3984 de
1718 3952 1923 3992 presentatione
1941 3947 1976 3978 ad
1999 3945 2169 3989 Redioriam
2189 3945 2226 3975 de
2248 3945 2370 3985 Daufty

1312 3996 1445 4029 Diocesis
1464 3993 1663 4032 Norwicenfis,
1679 3992 1741 4030 jam
1765 3990 1905 4028 legittime
1919 3987 1952 4018 &
1966 3983 2074 4021 dejure
2094 3992 2262 4023 vacantem,
2285 3986 2319 4016 &
2333 3983 2369 4014 ad

1316 4036 1443 4069 nostram
1457 4033 1696 4073 presentationem
1711 4039 1761 4077 per
1776 4027 1899 4067 Lapsum
1915 4022 2052 4065 temporis
2073 4021 2130 4056 sive
2145 4032 2195 4062 per
2207 4024 2382 4092 pravitsatttxejm·

1615 4092 1620 4095 ,
2306 4071 2315 4092 1
2348 4071 2382 4092 0-
