2536 4255
612 125 2057 186 CoNVENTloNEs‚L1TERAE,

1310 218 1442 257 pluribus
1456 217 1587 249 vestrum
1598 239 1609 255 ‚
1624 224 1726 248 tenore
1741 215 1932 257 presentium,
1949 216 2118 249 mandatum
2141 217 2261 258 speciale
2282 231 2317 255 ac
2353 222 2387 256 ‘0-
2400 218 2532 254 Ann.D.·

1312 257 1443 288 testatem
1464 257 1497 287 &
1520 256 1726 287 authoritatem
1741 277 1752 293 ,
1784 255 1927 287 evocandi
1946 266 2049 287 coram
2074 257 2158 288 vobis
2179 259 2225 290 vel
2246 231 2384 300 aliquigus
2417 261 2508 300 1633⁴

1311 296 1423 326 duobus
1437 295 1481 325 vel
1499 294 1626 332 pluribus
1639 294 1783 334 vestrum,
1801 295 1925 335 singulos
1943 295 2113 327 Officiarios
2131 296 2165 328 &
2181 296 2312 330 Clericos
2334 310 2382 333 aut
2393 302 2448 328 An.
2465 310 2494 335 9·

1310 335 1470 364 Servieiites
1482 342 1584 363 eorum
1596 356 1606 372 ,
1620 343 1653 364 ac
1666 343 1770 365 omnes
1785 334 1853 365 alios
1868 335 1898 365 in
1913 336 1992 373 cujus
2008 334 2056 366 vel
2069 344 2195 374 quorum
2212 338 2383 372 manibus&
2395 342 2459 367 Car.
2470 348 2495 366 1.

1311 372 1460 410 custodia,
1480 371 1569 411 aliqua
1585 373 1707 412 scripta,
1724 373 1860 412 recorda,
1879 373 1961 413 libri,
1979 374 2144 404 iiitrationes
2164 382 2211 405 aut
2235 374 2287 406 alie
2309 386 2382 409 note

193 165 245 207 30

52 236 188 269 Ann.D.
202 238 235 268 &
253 235 477 270 authoritatem,
501 231 686 270 quoscunque
706 226 894 267 officiarios,
920 228 1084 260 Servientes
1108 227 1155 258 vel
1180 223 1275 258 Mini-

75 278 161 317 1633.
200 276 289 312 stros,
316 284 376 305 tam
403 273 439 303 de
463 270 568 308 magna
593 268 764 299 Garderoba
789 267 902 305 nostra,
920 276 1014 306 ‘quam
1041 267 1078 298 de
1094 266 1266 298 Garderobfi⁴

55 321 109 345 An.
130 327 157 351 9.
202 314 355 344 Robarum
377 311 534 341 nostrarum
554 309 762 351 prediCtarum,
790 308 823 339 &
851 306 1088 351 Garderobarum
1108 306 1268 342 Ledroruin

57 358 122 384 Car.
146 364 168 383 i.
204 352 422 390 prcdidlorum,
447 360 481 380 ac
508 348 665 386 quamlibet
691 347 774 376 aliam
795 345 945 383 personam
961 355 1043 384 cujus
1068 355 1098 375 in
1115 345 1172 377 hac
1192 354 1269 383 parte

55 1651 73 1668 ⁰
90 1651 173 1679 xlx.

92 1689 160 1724 481.

205 390 333 428 interest,
363 397 460 419 coram
489 388 573 417 vobis
591 385 732 416 evocandi
751 386 785 417 &
804 384 984 422 personaliter
1003 385 1100 416 venire
1127 383 1270 419 faciendi,

205 430 240 460 &
260 439 308 468 per
327 428 415 458 visum
435 428 469 458 &
497 425 705 463 inspectionem
732 431 794 455 tam
811 422 970 461 transcripti
992 424 1064 455 illius
1081 424 1171 454 dietas
1193 422 1272 452 ordi-

206 469 334 499 nationes
352 468 380 495 in
398 467 425 496 se
443 465 636 501 continentis,
653 472 740 502 quam
758 462 881 493 aliorum
901 462 1077 501 Librorum,
1088 462 1273 497 Rotulorum,

210 504 476 537 Memorandorum
496 504 529 534 &
546 503 736 534 intrationum
756 500 980 539 Computorum
1005 499 1166 533 eorundem
1195 498 1275 529 Offi-

209 545 324 575 ci0tum
352 543 519 580 respective,
553 541 599 572 Ac
626 542 715 572 etiam
741 550 790 578 per
813 542 1052 572 examinationem
1077 539 1273 581 pi·edi6torum

208 582 426 613 Officiariorum
436 602 446 620 ,
461 581 655 612 Servientium
674 581 709 612 &
728 577 951 618 Ministrorum,
965 579 1145 620 aliorumque
1160 575 1275 620 testium

208 621 265 652 fide
284 622 458 660 dignorum,
477 629 550 658 quos
564 628 665 650 coram
684 618 769 649 vobis
787 619 815 648 in
835 618 891 649 hac
910 626 990 656 parte
1009 625 1125 658 evocari
1144 616 1276 646 duxeritis

207 660 342 698 idoneos,
361 659 442 697 super
461 658 634 689 sacramenta
651 656 698 688 sua
715 666 762 688 aut
780 657 859 689 aliter
885 665 967 695 prout
988 655 1070 685 vobis
1095 653 1197 698 visum,
1215 653 1276 698 fue-

207 700 259 737 rit,
276 709 309 729 ac
325 700 464 729 omnibus
480 698 538 728 aliis
554 698 621 734 viis,
640 695 741 727 mediis
758 697 793 728 δε
813 695 905 726 modis
923 695 1024 736 quibus
1038 693 1143 736 ⁴melius
1161 692 1276 723 sciveri-

208 738 259 776 tis,
275 738 310 768 ad
326 736 529 775 inquirendum
545 735 582 767 de
601 735 740 765 omnibus
755 736 788 766 δε
804 734 917 773 singulis
938 732 1115 774 defectibus,
1140 741 1276 776 contem-

208 777 321 815 ptibus,
338 777 534 814 negligentiis,
555 773 711 805 exceffibus
727 773 774 804 vel
791 773 952 809 fraudibus,
971 779 1020 814 per
1038 770 1276 814 hujusmodi-Of-

208 814 345 854 ficiarios,
365 815 526 846 Servieiites
540 813 584 844 vel
600 811 767 849 Ministros,
783 820 885 841 contra
907 809 1112 840 Ordinationes
1133 809 1274 848 predictas

207 856 254 885 vel
269 854 344 885 aliter
358 856 387 885 in
403 853 556 892 premissis,
574 853 603 882 in
618 852 715 890 aliquo
732 850 849 886 habitis,
867 848 950 893 saetis
969 857 1018 878 aut
1039 849 1218 891 perpetratis,
1238 850 1272 879 &

208 893 239 922 in
261 894 365 932 quibus
389 893 541 929 Articulis,
560 890 689 922 Materiis
711 890 744 921 &
760 889 843 918 rebus
865 888 957 918 taliter
971 888 1126 918 cominissa
1141 887 1273 925 fuerunt,

207 933 242 962 &
260 943 307 970 per
321 942 394 970 quos
410 933 444 964 ὃ(
459 929 594 971 quando?
622 939 655 960 ac
681 937 736 967 que
755 926 789 957 &
804 926 894 965 qualia
915 925 1069 956 Robarum
1082 949 1091 964 ,
1110 925 1274 964 Jocalium,

208 970 380 1002 Pannorum
395 970 598 1008 preciosiorum
613 968 649 998 de
664 976 751 1004 auro,
767 973 883 1003 argento
905 965 951 995 vel
970 963 1059 995 serico
1070 987 1083 1007 ,Ι
1098 963 1276 1003 Apparatus,

208 1008 480 1048 Vestimentorum,
499 1008 690 1046 Tapeciarum
705 1013 753 1035 aut
772 1003 925 1034 Linearum
948 1005 982 1036 &
997 1003 1192 1041 cujuscunque
1207 1004 1275 1034 alius

208 1051 330 1087 generis,
337 1049 521 1086 aliorumque
529 1047 695 1076 Ornatuum
709 1044 741 1074 &
751 1052 843 1073 rerum
858 1044 1128 1081 quaruncunque,in
1143 1042 1272 1080 separalia

208 1087 321 1119 Officia
332 1096 392 1119 tarn
407 1086 515 1126 Magne
523 1084 690 1114 Garderobe
706 1090 791 1120 quam
800 1080 971 1112 Garderobe
987 1080 1140 1112 Robarum
1157 1080 1274 1112 &Gar-

206 1125 318 1158 derobe
336 1127 494 1158 Ledtorum
508 1122 712 1162 prediCtorum,
725 1130 740 1150 a
755 1127 887 1157 tempore
895 1120 1088 1150 confectionis
1102 1120 1275 1151 Ordinatio-

209 1175 283 1196 num
293 1166 485 1204 predic]ari1m
493 1162 642 1192 deliberata
650 1160 753 1189 fuerint
760 1160 793 1190 &
801 1159 910 1189 ibidem
917 1159 1035 1190 existere
1042 1158 1202 1190 debuerunt
1211 1159 1222 1189 ?
1241 1160 1275 1191 &

207 1213 305 1236 utrum
320 1205 418 1236 eadem
436 1203 470 1233 ad
486 1201 595 1239 presens
610 1199 660 1229 iub
675 1208 763 1229 onere
777 1197 923 1228 dictorum
948 1198 1171 1237 respeetivorum
1194 1198 1273 1228 Offi-

207 1244 363 1274 ciariorum
376 1249 536 1277 remanent,
555 1240 588 1270 ὃς
605 1238 621 1267 li
633 1237 764 1268 nondum
778 1236 930 1268 deliberata
943 1237 1054 1275 sunt,in
1072 1247 1199 1277 quorum
1214 1247 1276 1268 ma-

206 1283 295 1314 nibus
312 1292 358 1314 aur
375 1278 502 1312 custodia
513 1279 572 1316 jam
589 1286 737 1307 remanent
755 1278 788 1306 ὃς
803 1275 999 1307 existunt?Ac
1016 1276 1035 1307 fi
1049 1278 1151 1307 eadem
1168 1276 1213 1306 vel
1225 1286 1274 1307 eo-

208 1331 277 1352 rum
300 1321 413 1359 aliquod
439 1317 505 1349 falso
528 1325 575 1347 aut
589 1316 743 1353 deceptive
768 1315 918 1384 aqfqiiisita,
941 1316 1078 1353 obtenta,
1102 1314 1276 1354 substracta,

207 1359 337 1397 detenta,
365 1357 528 1393 concelata,
553 1355 668 1385 vendita
687 1355 732 1385 vel
755 1354 785 1384 di
812 1363 883 1394 ipata
906 1355 968 1386 sunt
990 1355 1036 1386 vel
1053 1354 1174 1393 fuerint,
1193 1356 1272 1385 aliter

206 1409 296 1437 quam
319 1398 353 1429 ad
376 1397 437 1427 usus
461 1395 510 1434 qui
540 1395 576 1425 de
598 1394 706 1424 endem
725 1393 967 1433 designabantur,
999 1392 1101 1432 absque
1124 1393 1275 1425 sufficienti

206 1437 365 1468 Warranto
380 1437 410 1466 in
425 1445 456 1465 ea
473 1442 549 1471 parte
568 1433 689 1471 habito,
716 1433 750 1462 &
774 1442 824 1470 per
839 1442 910 1470 quos
921 1455 930 1471 ,
954 1433 1088 1472 quando,
1106 1433 1222 1471 qualiter
1237 1434 1271 1465 δε

206 1475 377 1515 quomodo?
397 1474 442 1504 Ac
465 1474 560 1503 eciam
582 1471 617 1502 ad
642 1471 846 1509 inquirendum
861 1471 894 1502 ὅτ.
917 1470 1147 1511 investigandum
1164 1482 1219 1511 que
1242 1474 1275 1503 &

206 1517 298 1554 qualia
316 1513 504 1553 negligentie,
523 1511 649 1548 fraudes,
666 1511 773 1541 covine
794 1519 842 1541 aut
858 1510 1043 1547 deceptiones
1063 1519 1111 1541 aut
1129 1511 1223 1541 media
1245 1512 1275 1542 in

205 1555 407 1593 acquisitione,
426 1552 614 1584 obtentione,
633 1549 851 1586 concelatione,
868 1549 1077 1588 subtraCtione,
1095 1549 1272 1588 detentione,

207 1594 371 1624 venditione
392 1600 438 1620 aut
459 1589 637 1626 dissipatione
662 1597 710 1619 aut
733 1597 794 1617 non
812 1587 888 1618 recl-5.
911 1587 1095 1626 dispositione
1117 1588 1274 1627 aliquarum

208 1632 396 1672 predictarum
414 1630 581 1665 Robarurn,
597 1626 760 1665 jocalium,
780 1625 950 1657 Pannorum
995 1627 1178 1658 reciosiorum
1197 1628 1233 1657 de
1254 1629 1272 1646 ⁸¹¹

211 1673 310 1708 Auro,
329 1670 461 1708 Argento
478 1668 522 1698 vel
536 1667 574 1697 de
587 1667 705 1703 Serico,
724 1665 903 1704 Apparatus,
923 1666 966 1696 Ve
993 1667 1184 1705 imentorum,
1211 1666 1274 1697 Ta-

206 1711 352 1749 peciarum
363 1731 373 1748 ,
394 1707 440 1737 vel
455 1706 491 1736 de
506 1707 561 1737 alio
576 1714 750 1743 quocunque
766 1713 886 1743 genere,
905 1704 1084 1743 aliorumque
1105 1705 1271 1736 Ornatuum

204 1752 237 1780 &
253 1759 348 1779 rerum
364 1755 599 1784 quarumcunque
624 1745 934 1783 prementionatarum,
953 1753 1001 1774 aut
1023 1746 1053 1774 in
1076 1744 1272 1775 defraudando

202 1798 255 1819 nos
270 1789 305 1818 de
321 1785 428 1817 eisdem
444 1785 540 1814 habita
556 1784 601 1814 vel
617 1783 767 1813 exercitata
788 1783 893 1813 fuerint
908 1782 919 1812 ?
943 1785 977 1814 &
1001 1793 1051 1821 per
1071 1793 1144 1822 quos
1166 1784 1199 1813 &
1223 1793 1274 1821 per

201 1837 282 1865 cnjus
295 1825 528 1867 procurationem
543 1823 590 1853 vel
605 1821 762 1859 affensum,
780 1830 814 1851 ac
828 1821 864 1852 de
876 1822 1086 1859 particularibus
1098 1822 1268 1860 eorundem,

205 1868 239 1898 &
253 1868 305 1903 pro
323 1865 402 1902 cujus
417 1863 464 1893 vel
476 1870 600 1902 quorum
618 1859 777 1898 beneficio,
793 1861 827 1891 &
843 1861 922 1897 cujus
937 1861 1037 1890 valoris
1057 1861 1103 1891 vel
1120 1863 1202 1900 pretii
1222 1871 1270 1891 ea-

203 1905 271 1936 dem
288 1904 401 1934 fuerunt
418 1903 452 1934 &
469 1901 562 1931 modo
577 1898 722 1930 existunt?
741 1899 785 1929 Ac
793 1899 888 1929 eciam
906 1899 939 1930 ad
956 1899 1269 1937 inquirendum&exa-

205 1943 377 1974 minandum
396 1941 532 1971 omnibus
547 1940 601 1969 viis
617 1938 651 1968 &
668 1937 890 1976 modis,quibus
899 1938 1000 1968 melius
1013 1937 1150 1969 sciveritis
1162 1947 1208 1969 aut
1216 1948 1270 1977 po-

203 1984 306 2020 teritis,
323 1981 440 2019 qualiter
462 1981 495 2011 &
513 1988 562 2016 per
577 1987 647 2016 quos
664 1975 891 2014 recompensatio
917 1977 962 2006 vel
985 1976 1134 2008 satisfactio
1150 1987 1202 2015 pro
1219 1979 1271 2008 hu-

200 2022 325 2061 jusmodi
339 2021 466 2055 damno,
482 2017 672 2048 subtractione
690 2016 735 2045 vel
749 2015 915 2053 deperdito,
931 2024 960 2045 ut
975 2017 1149 2055 premittitur
1161 2016 1270 2048 susten-

201 2069 252 2099 to,
272 2060 358 2089 nobis
375 2057 432 2088 fieri
448 2055 570 2087 debeat?
585 2056 629 2086 Ac
644 2055 735 2084 eciam
750 2054 784 2085 ad
810 2054 1008 2091 inquirendum
1032 2065 1104 2095 que,
1122 2056 1216 2095 quales
1235 2057 1270 2087 ὅ(

200 2108 306 2138 quante
322 2097 504 2128 denariorum
519 2094 629 2124 summe
646 2093 691 2123 vel
704 2093 835 2123 annuales
853 2092 1007 2124 solutiones
1031 2104 1081 2131 per
1103 2096 1181 2124 viam
1206 2104 1271 2132 pre-

202 2139 330 2169 stationis
343 2136 427 2173 super
440 2142 616 2172 computum
634 2141 723 2170 nuper
734 2132 866 2171 aihgnate
887 2132 920 2162 &
943 2132 1062 2163 allocate
1082 2132 1215 2172 fuerunt,
1233 2134 1267 2164 ad

201 2178 235 2209 δε
251 2185 315 2215 erga
329 2174 560 2205 exonerationem
574 2171 758 2209 expensarum
774 2172 810 2201 ad
827 2171 927 2200 eadem
951 2171 1080 2209 separalia
1094 2172 1192 2202 officia
1206 2182 1266 2202 tam

199 2224 306 2254 magne
319 2213 507 2251 Garderobe,
570 2219 615 2240 am
631 2210 801 2241 Garderobe
814 2209 968 2240 Robarum
984 2210 1019 2241 &
1028 2210 1196 2242 Garderobe
1208 2211 1266 2242 Le-

198 2255 315 2286 &orum
330 2251 527 2291 predroomm
556 2248 698 2287 espetstive
716 2248 928 2286 speetantium?
950 2250 984 2279 &
1009 2258 1106 2280 utrum
1129 2250 1194 2281 tales
1216 2250 1267 2280 de-

196 2294 343 2324 nariorum
358 2292 467 2321 summe
546 2288 660 2319 nnuales
672 2286 839 2325 solutiones,
858 2290 926 2317 vere
949 2286 1019 2324 iuste
1032 2289 1065 2319 &
1080 2289 1179 2319 debite
1203 2289 1265 2319 abs-

197 2341 254 2372 que
270 2331 385 2368 fraude,
400 2330 495 2360 subtra
536 2337 610 2365 one,
625 2328 722 2366 iniqua
734 2326 902 2357 detentione
917 2335 964 2356 aut
979 2327 1034 2357 alio
1051 2328 1127 2357 malo
1144 2328 1266 2365 ingenio

196 2371 348 2410 expendite
368 2371 401 2401 &
428 2371 547 2405 erogate
570 2366 684 2396 suerunt
706 2365 815 2396 necne?
840 2365 883 2396 Ac
898 2366 991 2395 eciam
1016 2366 1050 2396 ad
1066 2367 1267 2404 inquirendum

199 2420 276 2450 que,
298 2418 403 2449 quante
416 2407 450 2439 &
465 2406 558 2445 quales
573 2405 755 2436 denariorum
768 2405 880 2436 summe
890 2426 898 2441 ‚
913 2404 1204 2441 vadia,allocationes
1218 2413 1266 2436 aut

199 2452 252 2480 alie
271 2447 388 2487 expense
402 2454 574 2486 quecunque
587 2444 724 2481 aliquibus
738 2443 935 2480 predictorum
953 2442 1172 2474 Officiariorum
1183 2467 1192 2482 ,
1203 2443 1265 2473 Mi-

201 2487 356 2520 nistrorum
371 2495 419 2517 aut
435 2483 616 2523 personarum
629 2484 658 2513 in
672 2482 778 2512 eisdem
801 2481 917 2512 Officiis
938 2480 1094 2519 resperilive
1108 2482 1269 2513 deservien-

200 2528 293 2566 tium,
309 2526 458 2564 plusquam
473 2523 641 2559 necellatie,
660 2521 741 2559 date,
757 2520 849 2551 solute
875 2521 920 2551 vel
942 2529 1056 2559 erogate
1081 2521 1214 2552 fuerunt?
1233 2521 1269 2552 ad

200 2566 280 2604 cujus
297 2564 342 2595 vel
355 2572 476 2602 quorum
494 2561 654 2591 instantiam
680 2560 725 2590 vel
751 2559 980 2603 requisitionem,
1005 2562 1037 2590 &
1055 2570 1102 2597 per
1123 2562 1204 2599 cujus
1222 2561 1269 2591 vel

200 2613 327 2644 quorum
341 2602 548 2637 warrantum,
569 2600 734 2629 mandatum
750 2608 796 2629 aut
809 2598 1067 2636 procurationem?

239 2643 278 2674 Et
296 2642 360 2682 quia
381 2639 586 2677 inquisitionem
609 2638 698 2674 magis
718 2638 904 2675 conspicuam
933 2638 969 2668 de
989 2637 1153 2675 fraudibus,
1179 2637 1271 2676 negli-

222 2682 322 2720 entus,
339 2678 517 2714 desectibuS,
532 2675 688 2706 excessibus
706 2677 740 2707 &
762 2676 980 2714 contemptibus
1003 2677 1270 2714 supramemoratis,

201 2691 301 2753 gabei-'i
316 2718 467 2754 volumus,
486 2714 599 2745 Damus
621 2714 735 2745 ulterius
757 2716 842 2745 vobis
863 2714 909 2746 vel
930 2714 1067 2752 aliquibus
1087 2715 1198 2745 duobus
1222 2715 1268 2745 vel

198 2838 312 2870 Orders
324 2832 493 2867 established
507 2832 545 2870 by
560 2840 615 2862 our
631 2830 793 2871 Sovereign
810 2830 888 2861 Lord
906 2830 955 2862 the
970 2830 1065 2868 Kings
1081 2829 1158 2861 most
1173 2830 1269 2861 excel-

237 2878 297 2907 lent
315 2873 439 2912 Majesty
458 2870 570 2901 charles
586 2871 624 2906 by
642 2871 690 2900 t'ne
708 2869 804 2899 Grace
817 2869 854 2900 of
865 2868 936 2911 qu
946 2892 956 2907 ,
977 2869 1055 2908 King
1069 2869 1104 2899 of
1118 2869 1269 2906 England,

237 2914 382 2950 Scotland,
400 2915 503 2942 Franci·
516 2909 573 2940 and
586 2907 915 2946 1reland‚Defendoror
931 2909 980 2938 the
1000 2908 1095 2945 Parth,
1115 2910 1176 2938 &c.
1197 2908 1268 2938 with

235 2954 288 2986 the
308 2953 409 2984 advice
431 2950 465 2981 of
484 2950 526 2980 his
549 2947 693 2985 Maiel'ties
714 2948 789 2976 most
813 2947 994 2977 honourable
1011 2946 1095 2984 Privy
1113 2947 1269 2984 Counsell,

237 2996 283 3025 for
298 2993 346 3022 tlie
362 2990 522 3027 regulating
538 2986 574 3018 of
584 2987 634 3017 the
650 2985 750 3016 Office
763 2985 799 3015 of
810 2986 851 3015 his
871 2984 1017 3022 Majesties
1034 2994 1109 3024 great
1128 2985 1269 3015 Wardto-

236 3034 288 3063 be·
320 3030 354 3061 all
376 3028 476 3059 which
497 3028 540 3057 his
562 3024 706 3064 Highness
729 3024 855 3055 Pleasure
877 3027 931 3054 and
954 3022 1206 3054 Commandment
1233 3024 1271 3061 is,

241 3056 309 3103 ssia’ll
324 3071 359 3099 be
373 3067 450 3098 from
465 3064 637 3096 bencefortli
654 3064 719 3103 duly
735 3062 873 3094 observed
889 3062 944 3093 and
959 3063 1028 3100 kept
1039 3064 1078 3102 by
1093 3062 1144 3092 the
1162 3061 1270 3092 Master

197 3140 200 3141 ⁷
241 3109 278 3140 ot'
288 3109 336 3140 the
350 3106 405 3137 said
421 3113 498 3144 great
513 3103 694 3139 Wardrobe,
713 3101 768 3132 and
784 3102 818 3132 all
844 3102 930 3132 other
952 3102 997 3132 his
1022 3100 1167 3139 Majesties
1190 3100 1273 3131 Offi-

240 3159 318 3186 cers,
336 3146 470 3177 Servants
483 3142 539 3172 and
554 3140 720 3178 Ministers,
735 3148 767 3170 to
780 3140 882 3171 whom
900 3141 920 3169 it
934 3139 1004 3171 shall
1023 3150 1057 3170 or
1082 3149 1147 3182 may
1170 3149 1271 3177 apper-

235 3189 313 3224 tain,
331 3181 510 3215 deterinined
528 3181 565 3218 by
583 3180 626 3209 bis
642 3178 761 3219 MaJ'esty
777 3189 804 3208 as
818 3178 971 3216 aforesaid,
991 3177 1039 3209 the
1067 3177 1198 3208 fifteenth
1219 3179 1272 3216 day

233 3226 271 3256 of
288 3223 387 3264 Aprrll
400 3223 430 3252 in
443 3222 492 3252 the
507 3219 580 3249 sir'th
592 3228 656 3258 year
672 3218 706 3248 οἱ
717 3218 762 3248 his
779 3216 926 3256 Majesties
939 3217 1020 3254 raign
1031 3239 1040 3255 ,
1059 3220 1197 3257 Annoque
1212 3218 1274 3246 Do-

239 3268 307 3294 mini
335 3264 424 3301 1630.

238 3340 318 3371 That
332 3341 379 3370 the
397 3336 509 3368 Master
522 3335 558 3365 of
570 3334 619 3365 the
636 3341 711 3371 great
732 3331 898 3363 Wardrobe
920 3330 990 3363 shall
1006 3332 1078 3362 have
1100 3342 1137 3362 an
1160 3330 1272 3371 Affign-

204 3388 286 3411 ment
299 3378 333 3408 of
340 3377 451 3419 fixteen
466 3373 603 3413 thousand
613 3371 717 3412 pounds
735 3381 794 3414 per*
808 3371 945 3407 Annum,
973 3372 1010 3410 by
1025 3380 1088 3410 way
1103 3371 1137 3400 os
1149 3369 1271 3408 Imprest

203 3428 283 3462 upon
299 3418 468 3484 Accoqipg,
485 3410 835 3481 {orffax‘ffis‘g'ssgssf‘aymg
850 3408 887 3439 of
901 3409 950 3438 the
966 3410 1092 3447 generall
1106 3409 1162 3439 and
1178 3409 1270 3449 yearly

349 3465 356 3470 ⁴
456 3464 471 3482 e
498 3463 510 3481 3.
589 3463 590 3467 ’
727 3471 733 3476 .

204 3457 562 3526 Εκΐῖξιὲξεῶῗώπὼοῦε
583 3487 674 3525 staff,
698 3487 743 3517 for
764 3487 811 3517 the
833 3484 994 3525 furnishing
1010 3485 1048 3516 of
1065 3486 1109 3516 his
1129 3484 1274 3523 Majesties

203 3534 402 3569 Wardrobes,
420 3529 532 3561 Houses
547 3529 602 3558 and
618 3525 820 3556 Ambassadors
837 3524 906 3554 shall
923 3526 958 3555 be
999 3524 1117 3555 rovided
1138 3526 1193 3554 and
1212 3523 1273 3554 fur-

203 3574 303 3604 nished
318 3582 368 3601 out
383 3570 421 3600 os
433 3569 482 3599 the
497 3567 553 3597 said
567 3576 644 3603 great
662 3564 845 3599 Wardrobe,
867 3573 944 3600 upon
1010 3572 1100 3594 arrant
1121 3562 1200 3593 from
1224 3562 1273 3593 the

203 3611 287 3648 King
312 3611 412 3640 drawn
436 3609 475 3646 by
503 3607 554 3637 the
577 3604 667 3634 Cleri<
687 3604 720 3632 of
740 3603 782 3632 his
806 3601 949 3644 Majesties
967 3601 1160 3640 Wardrobes,
1179 3611 1213 3630 or
1234 3602 1272 3640 by

208 3651 343 3680 VVarrant
358 3649 434 3678 from
450 3647 499 3676 the
518 3644 596 3674 Lord
615 3641 818 3672 Cliamberlain
834 3645 867 3670 ot
881 3640 924 3669 his
938 3639 1084 3677 Majesties
1097 3639 1273 3677 Houssiold‚

208 3688 362 3727 signifying
376 3687 416 3716 liis
432 3682 553 3722 pleasure
571 3682 695 3718 therein,
711 3680 765 3710 and
782 3679 841 3711 that
855 3678 903 3721 the
926 3677 1014 3709 Clerk
1037 3679 1073 3708 os
1091 3679 1139 3708 the
1162 3677 1273 3721 Ward-

210 3728 295 3757 robes
312 3725 389 3756 hand
416 3723 485 3755 shall
501 3724 537 3752 be
558 3730 590 3752 to
606 3730 620 3749 a
637 3719 690 3750 5111
707 3717 745 3748 of
755 3718 805 3748 the
818 3717 981 3754 particulats
1005 3715 1160 3747 contained
1174 3725 1204 3745 in
1219 3715 1270 3746 the

205 3765 284 3796 Lord
299 3763 517 3793 Chamberlains
533 3756 791 3795 Warran:,bef0re
806 3756 855 3785 the
872 3755 951 3785 Lord
961 3754 1178 3786 Chamberlains
1195 3754 1270 3797 hand

207 3805 244 3834 be
257 3803 397 3842 procured
412 3810 444 3831 to
460 3801 511 3831 the
526 3798 616 3835 same,
635 3798 690 3827 and
707 3805 747 3826 no
761 3795 844 3825 other
859 3793 995 3824 Warrant
1010 3803 1042 3824 to
1059 3796 1095 3824 be
1110 3792 1232 3823 allowed
1241 3802 1271 3822 in

211 3841 389 3909 thgffiifihffi}
399 3875 540 3914 Majesties
556 3875 667 3904 Linnen
682 3873 719 3903 of
729 3871 763 3902 all
777 3870 860 3902 kinds
876 3871 1037 3913 belonging
1059 3878 1091 3900 to
1104 3869 1148 3899 his
1163 3867 1273 3906 Majes-

205 3921 257 3951 ties
274 3916 361 3956 royall
373 3915 478 3945 Person
489 3937 496 3951 ,
517 3914 585 3944 ssiall
601 3915 635 3942 be
653 3910 798 3942 furnished
815 3918 865 3939 out
880 3910 916 3939 of
932 3909 978 3939 the
996 3908 1051 3939 said
1069 3917 1147 3945 great
1166 3907 1273 3937 Ward-

204 3959 296 3991 robe,
320 3957 356 3994 by
378 3953 514 3983 directioii
536 3952 570 3981 os
594 3952 639 3982 .h:
661 3950 778 3980 Groom
801 3949 838 3979 of
849 3948 897 3978 the
913 3947 994 3977 Stole
1010 3971 1020 3985 ,
1050 3957 1082 3976 or
1096 3946 1182 3989 some¹
1191 3946 1273 3976 other

202 3995 380 4026 Gentleman
394 4000 426 4020 or
442 3990 560 4019 Groom
575 3989 610 4018 os
631 3991 673 4019 lis
699 3986 844 4025 Majesties
867 3985 1064 4017 Bedchamber
1089 3986 1131 4028 (in
1155 3985 1198 4014 his
1220 3984 1275 4013 ab-

198 4034 295 4071 sence)
313 4029 462 4069 signifying
478 4027 523 4057 the
534 4027 623 4064 Kings
638 4026 758 4064 pleasure
772 4025 952 4063 concerning
967 4025 1016 4057 the
1031 4022 1272 4063 particularsthe-

203 4072 270 4106 reof
280 4070 370 4104 under
383 4068 428 4100 his
442 4076 476 4098 or
496 4065 567 4098 their
588 4064 687 4096 hands.
1203 4097 1288 4132 That

1313 411 1359 441 vel
1374 410 1580 449 memoranda,
1597 411 1732 448 premissa
1749 412 1981 452 qualitercunque
1995 414 2217 452 concernentia,
2235 423 2384 447 remanent

1313 449 1346 479 &
1361 449 1499 484 existunt,
1522 450 1555 478 &
1571 458 1673 479 eorum
1688 449 1822 481 Clericus
1838 450 1883 481 vel
1893 450 2054 482 Servientes
2067 451 2242 490 eosdemque
2257 452 2384 485 Officia-

1313 488 1386 526 rios,
1408 485 1580 524 Ministros,
1600 486 1752 530 Clerssos,
1772 488 1933 520 Servientes
1947 490 1980 521 &
1995 490 2122 529 personas
2148 491 2304 529 respective
2319 489 2385 525 talia

1314 525 1435 564 scripta,
1456 525 1575 556 recorda
1588 546 1598 562 ,
1613 526 1700 556 libros
1711 548 1721 563 ,
1745 527 1779 558 ὅ(
1801 528 1954 558 evidentias
1969 530 2068 560 secum
2083 528 2208 568 deferre,
2235 529 2269 561 &
2283 540 2386 562 coram

1315 565 1401 594 vobis
1416 574 1470 602 pro
1487 563 1600 594 meliori
1623 565 1793 595 executione
1811 566 1981 603 presentium
2003 568 2164 605 producere
2182 569 2324 609 cogendi,
2349 579 2386 602 ac

1314 603 1350 646 ad
1368 603 1440 641 ipsos
1454 604 1487 634 &
1503 612 1605 646 eorum
1622 603 1781 641 quemlibet
1795 604 1824 634 su
1864 615 1876 634 r
1889 604 2063 637 sacramenta
2077 607 2139 646 sua,
2157 608 2177 639 fi
2194 607 2306 639 necesse
2323 608 2388 640 fue-

1316 651 1371 680 rit,
1389 643 1488 672 coram
1506 642 1589 672 vobis
1604 641 1652 672 vel
1668 642 1804 680 aliquibus
1843 643 1933 673 uobus
1954 645 2000 674 vel
2022 644 2149 682 pluribus
2165 647 2289 678 vestrum
2314 657 2385 680 cor-

1318 680 1452 718 poraliter
1467 679 1634 718 prestanda,
1652 680 1800 720 diligenter
1816 682 1997 713 examinandi
2016 692 2068 721 per
2082 684 2160 722 quod
2181 686 2222 717 rei
2237 687 2339 718 veritas
2351 688 2384 719 in

1318 718 1459 756 premissis
1476 719 1575 749 melius
1592 719 1657 750 sciri
1674 720 1778 757 poterit
1793 720 1827 751 &
1846 721 1960 761 inquiri.

1354 757 1466 788 Damus
1480 759 1567 788 etiam
1583 758 1667 788 vobis
1682 758 1727 788 vel
1744 758 1884 798 aliquibus
1897 759 2013 792 duobus
2028 760 2075 791 vel
2093 759 2220 801 pluribus
2234 761 2380 804 vestrum,

1313 795 1671 838 ulteriorem-Forestatem
1692 797 1725 827 &
1750 797 1981 837 Auctoritatem,
2006 799 2071 837 post
2085 801 2215 832 debitam
2230 803 2264 834 &
2284 811 2385 835 matu-

1314 845 1376 864 ram
1392 837 1603 875 inquisitionem
1615 836 1648 866 &
1662 837 1921 875 examinationem,
1947 847 1978 869 ut
2004 839 2177 875 premittitur
2199 840 2381 881 habendam,

1313 874 1398 916 talem
1414 874 1547 904 ordinem
1570 875 1604 905 ὃ(
1624 875 1814 912 provisionem
1840 877 1869 905 in
1893 877 2030 914 premiffis
2046 879 2274 916 proponendi&
2297 880 2384 911 stabi-

1313 912 1418 954 liendi,
1437 921 1573 951 quatenus
1592 914 1733 943 residuum
1757 916 1879 951 pecunie
1902 914 2078 946 summarum
2101 916 2253 948 Robarum
2292 919 2382 956 Joca-

1311 951 1398 989 lium,
1418 950 1584 981 Pannorum
1604 951 1828 990 preciosiorum,
1853 953 1890 983 de
1909 953 2010 992 Auro,
2037 955 2170 994 Argento
2190 957 2235 986 vel
2254 940 2378 997 ἐετίεο,

1313 990 1347 1020 ὅτ.
1366 990 1546 1027 Lineorurn,
1566 989 1745 1029 Apparatus,
1765 990 2027 1030 Vestimentorum,
2042 992 2257 1033 Tapeciarum,
2275 997 2323 1028 vel
2341 996 2379 1028 de

1312 1029 1369 1058 alio
1395 1037 1714 1070 quocunque-genere,
1735 1028 1916 1068 aliorumque
1941 1030 2106 1062 Ornatuum
2130 1033 2164 1064 &
2191 1045 2286 1065 rerum
2311 1045 2383 1074 qua·

1311 1076 1494 1105 rumcunque
1513 1068 1547 1098 ad
1567 1068 1809 1105 supervilioneni,
1836 1069 1966 1107 regimen
1985 1069 2018 1100 &
2035 1070 2195 1101 custodiam
2211 1073 2384 1105 Officiario-

1311 1116 1374 1136 rum
1389 1129 1398 1144 ,
1426 1106 1629 1136 Ministrorum
1648 1108 1681 1137 &
1705 1107 1898 1138 Servientium
1925 1107 2121 1148 preditfimrum
2146 1109 2299 1148 aliqualiter
2317 1114 2381 1151 spe-

1311 1145 1457 1183 Ctantem,
1474 1147 1504 1175 in
1522 1155 1609 1176 onere
1628 1147 1805 1184 propriorum
1822 1146 1856 1176 &
1883 1147 2133 1185 particulariorum
2161 1148 2382 1182 Officiariorum

1309 1193 1452 1221 ponantur
1470 1185 1502 1215 ὅ(
1529 1184 1718 1223 reducantur,
1743 1185 1899 1216 secundum
1922 1186 2127 1217 Ordinationes
2151 1187 2319 1225 supradiecas
2342 1191 2379 1222 δε

1313 1222 1542 1253 Consuetudines
1562 1225 1591 1253 in
1609 1222 1714 1254 officiis
1727 1223 1799 1262 illis,
1818 1224 1977 1262 respective
2000 1225 2034 1255 &
2052 1226 2202 1265 antiquitus
2222 1226 2377 1266 stabilitas,

1310 1262 1472 1305 auttaliter,
1491 1271 1578 1302 prout
1589 1262 1670 1300 juxta
1689 1263 1764 1293 sanas
1782 1262 1966 1294 discretiones
1986 1263 2090 1294 vestras
2115 1274 2169 1302 pro
2187 1265 2300 1296 meliori
2320 1265 2378 1297 ser-

1313 1309 1391 1330 vicio
1411 1302 1509 1330 nostro
1528 1301 1559 1331 in
1578 1300 1630 1331 hac
1649 1310 1744 1340 parte,
1772 1301 1885 1332 stabiliri
1905 1303 1938 1334 &
1956 1301 2082 1333 ordinari
2100 1304 2280 1335 conveniens
2296 1305 2380 1336 inve-

1310 1340 1424 1377 neritis,
1447 1349 1564 1369 necnon
1586 1339 1620 1370 ad
1644 1341 1745 1370 omnia
1770 1341 1803 1372 δε
1832 1341 1960 1379 singula,
1981 1351 2036 1380 que
2053 1342 2087 1372 ad
2108 1342 2321 1381 inquisitionem
2341 1344 2378 1376 δε

1312 1377 1562 1418 investigationem
1576 1379 1702 1408 veritatis
1722 1379 1922 1416 premissorum
1948 1379 2075 1411 facienda
2092 1382 2127 1412 &
2145 1382 2324 1420 exequenda,
2342 1381 2380 1413 &2

1311 1418 1397 1448 nobis
1415 1419 1451 1449 de
1469 1417 1608 1448 omnibus
1626 1418 1857 1456 contemptibus,
1875 1418 2077 1457 negligenciis,
2093 1419 2272 1459 excessibus,
2295 1420 2378 1451 defe-

1311 1457 1406 1487 ctibus
1422 1457 1456 1488 ὃ(
1471 1456 1689 1494 deceptionibus
1707 1455 1856 1493 predictis,
1873 1457 1906 1486 ὅ(
1926 1466 1974 1494 per
1990 1466 2063 1496 quos
2081 1460 2232 1495 perpetrati
2249 1460 2379 1498 fuerunt,

1312 1505 1346 1526 ac
1371 1496 1407 1526 de
1433 1504 1498 1527 toto
1521 1495 1600 1526 facio
1628 1494 1662 1525 ὃ(
1681 1493 1833 1533 progressu
1851 1494 1946 1524 vestris
1964 1497 1993 1524 in
2019 1496 2071 1526 hac
2093 1504 2188 1534 parte,
2211 1496 2382 1535 diligencius

1311 1544 1370 1572 quo
1389 1535 1520 1572 poteritis
1533 1532 1733 1572 certificandi,
1752 1542 1784 1565 ut
1803 1533 1918 1565 ulterius
1936 1533 2003 1564 inde
2029 1533 2166 1566 faciamus
2183 1544 2270 1574 prout
2283 1535 2375 1574 Justi-

1309 1575 1355 1603 cie
1374 1573 1457 1604 fuerit
1475 1574 1645 1605 consonans.

1353 1611 1392 1643 Et
1411 1622 1441 1643 ut
1454 1613 1528 1644 nulla
1545 1613 1660 1651 querela
1669 1613 1706 1643 de
1721 1611 1886 1653 Agitatione
1900 1610 1988 1643 vestra
2002 1612 2033 1643 in
2053 1612 2189 1651 premissis
2211 1612 2380 1645 occafione-

1313 1658 1378 1689 tur,
1400 1652 1611 1691 beneplacitum
1625 1652 1756 1683 nostrum
1771 1651 1812 1682 est
1823 1675 1833 1690 ,
1849 1652 1957 1690 quotie's
1970 1652 2143 1683 examinatio
2153 1651 2268 1690 alicujus
2282 1653 2379 1691 perso-

1314 1699 1351 1719 ne
1369 1699 1419 1730 per
1434 1692 1640 1722 sacramentum
1655 1691 1735 1722 suum
1750 1701 1851 1722 coram
1868 1692 1954 1722 vobis
1973 1698 2070 1721 tenore
2089 1690 2260 1728 presentium
2281 1693 2311 1723 fit
2327 1702 2378 1723 ca-

1308 1730 1430 1767 pienda,
1449 1730 1530 1768 quod
1545 1738 1615 1760 tunc
1631 1730 1665 1761 &
1681 1731 1765 1761 toties
1777 1730 1812 1760 ad
1835 1730 2004 1761 instanciam
2027 1730 2060 1761 &
2081 1729 2290 1769 requisitionem
2312 1735 2376 1768 par-

1308 1768 1384 1808 tium
1402 1769 1625 1800 interessendum
1635 1791 1644 1807 ,
1659 1769 1783 1808 aliquam
1797 1768 1882 1799 talem
1896 1768 2046 1806 personam
2069 1767 2148 1806 super
2169 1768 2376 1800 sacramentum

1306 1807 1389 1837 suum
1405 1816 1452 1838 aut
1467 1808 1545 1838 aliter
1559 1808 1588 1837 in
1605 1817 1705 1839 eorum
1720 1807 1931 1846 defensionem,
1947 1807 1967 1838 si
1982 1808 2068 1838 vobis
2079 1807 2224 1838 videbitur
2237 1807 2380 1846 expediri,

1308 1846 1460 1884 diligenter
1475 1847 1654 1877 examinetis:
1674 1847 1713 1878 Et
1726 1847 1795 1877 ideo
1810 1847 1894 1876 vobis
1910 1846 2096 1885 mandamus,
2121 1847 2204 1884 quod
2225 1846 2261 1876 ad
2283 1855 2378 1877 certos

1309 1884 1369 1914 dies
1389 1886 1422 1916 &
1446 1886 1526 1924 loca,
1550 1895 1605 1924 que
1629 1896 1682 1916 vos
1702 1895 1749 1916 aut
1770 1885 1856 1923 aliqui
1879 1885 1939 1916 duo
1955 1886 2000 1916 vel
2015 1886 2106 1924 plures
2123 1886 2249 1916 vestrum
2265 1884 2299 1915 ad
2315 1885 2377 1916 hoc

1307 1925 1506 1963 provideritis,
1524 1925 1632 1955 vocatis
1645 1926 1673 1954 in
1690 1924 1873 1956 assistentiam
1889 1924 2013 1955 vestram
2027 1925 2164 1955 omnibus
2186 1924 2290 1954 talibus
2311 1933 2376 1961 per-

1305 1961 1396 2000 sonis,
1415 1965 1518 2001 quibus
1539 1964 1574 1994 ad
1595 1965 1793 1995 executionem
1817 1964 2018 2001 premisiorum
2041 1962 2214 1994 commodas
2227 1963 2259 1992 ὃ(
2283 1963 2374 2002 magis

1305 2000 1421 2032 idoneas
1432 2004 1582 2040 duxeritis,
1600 2012 1693 2033 cetera
1707 2003 1808 2032 omnia
1824 2004 1853 2032 in
1871 2001 2072 2040 inquisitione,
2091 2001 2204 2045 audini,
2228 2003 2372 2031 examina-

1306 2040 1387 2070 tione
1402 2041 1586 2072 &scrutinio
1605 2041 1826 2079 premissorum,
1845 2041 1864 2060 *
1884 2040 1991 2071 faciatis
2014 2042 2046 2072 &
2067 2040 2201 2080 expleatis
2221 2040 2249 2069 in
2273 2039 2371 2071 sormi
2389 2031 2403 2046 ⁰
2423 2030 2508 2061 X¹x³

1304 2078 1480 2117 supradicta,-
1499 2080 1538 2111 Et
1553 2081 1684 2111 volumus
1699 2081 1777 2119 quod
1793 2080 1847 2110 hec
1862 2079 1971 2117 presens
1983 2078 2161 2110 Commiisio
2171 2078 2266 2109 nostra
2283 2079 2311 2108 in
2323 2078 2373 2110 suo
2419 2069 2489 2107 43²:
2521 2099 2526 2108 ,

1304 2119 1409 2149 robore
1423 2121 1658 2157 reinaneat,licet
1674 2119 1923 2150 continuationem
1937 2119 2048 2149 dierum
2063 2119 2108 2149 vel
2122 2118 2375 2156 adjornamentum

1304 2165 1365 2186 non
1384 2158 1493 2188 habeat.
1533 2157 1709 2189 Mandamus
1721 2159 1802 2189 enim
1818 2167 1915 2188 tenore
1928 2157 2100 2195 presentium
2120 2156 2271 2188 Unive'rlis
2282 2156 2376 2195 Justi-

1302 2197 1411 2233 ciariis,
1435 2196 1611 2236 Majoribus,
1631 2198 1761 2235 ssalrivis,
1780 2196 1946 2235 Prepolitis,
1970 2195 2127 2226 Officiariis
2171 2193 2312 2226 Miiiistris
2340 2195 2376 2226 &

1301 2233 1431 2266 fidelibus
1444 2236 1547 2266 nostris
1563 2238 1794 2274 quibuscunque,
1814 2244 1873 2266 tam
1886 2234 1960 2265 infra
1976 2233 2094 2274 Virgam
2111 2219 2239 2272 l-sospitii
2263 2233 2353 2264 nostri
2366 2256 2377 2272 ,

1302 2283 1389 2310 quam
1408 2274 1475 2305 alibi
1494 2277 1567 2305 intra
1585 2275 1743 2306 Civitatem
1758 2275 1884 2305 nostram
1907 2273 2023 2303 London
2035 2296 2043 2310 ,
2069 2274 2103 2305 &
2126 2273 2293 2304 Comitatus
2318 2283 2372 2303 no·-

1301 2315 1372 2342 sti‘os
1389 2313 1560 2354 Middlefi’x,
1577 2316 1669 2352 Surr',
1688 2314 1796 2351 Kanc',
1814 2311 1899 2352 Effex
1916 2311 1954 2347 <sy
1972 2310 2133 2350 Hertford,
2161 2322 2280 2342 necnon
2303 2312 2371 2342 ..la-

1305 2352 1394 2390 gistro
1415 2353 1448 2383 ὅ(
1472 2355 1572 2384 ceteris
1593 2352 1751 2383 Officiariis
1771 2353 1804 2383 &
1820 2350 1952 2381 ministris
1969 2351 2117 2382 diritorutn
2133 2350 2312 2382 Officiotum
2334 2360 2379 2381 re-

1303 2390 1432 2428 lpeffive
1455 2393 1488 2422 ὃς
1511 2401 1612 2422 eorum
1634 2393 1743 2422 clericis
1767 2392 1800 2422 &
1822 2390 2007 2421 servientibus
2029 2399 2152 2428 quorum
2178 2399 2208 2420 in
2233 2389 2285 2419 hac
2314 2399 2377 2426 par-

1304 2438 1332 2460 te
1355 2431 1479 2460 intererit
1506 2430 1624 2461 firmiter
1644 2432 1674 2461 in
1705 2430 1842 2461 mandatis
1863 2452 1873 2468 ,
1910 2429 1989 2468 quod
2021 2428 2104 2459 vobis
2128 2430 2159 2459 in
2184 2429 2319 2458 omnibus
2339 2429 2374 2459 <Sc

1306 2469 1421 2506 lingulis
1444 2469 1581 2507 permissis
1604 2478 1717 2508 pareant
1738 2470 1772 2501 &
1793 2468 2001 2507 respondeant,
2015 2469 2050 2500 δε
2073 2466 2126 2500 sint
2141 2466 2332 2499 intendentes.

1342 2546 1378 2577 In
1397 2547 1476 2584 cujus
1495 2548 1549 2586 rei,
1568 2548 1631 2579 &c.

1342 2624 1433 2670 Teste
1449 2625 1534 2665 Rege
1549 2625 1623 2665 apud
1640 2624 1898 2666 Wefimmasterium
1908 2646 1918 2662 ,
1936 2622 2055 2655 decimo
2069 2623 2190 2663 septimo
2200 2621 2247 2653 die
2261 2625 2376 2653 Decem·

1307 2661 1374 2696 ὂψ.
1875 2704 1931 2732 Per
1945 2704 2039 2731 Breve
2053 2700 2085 2729 de
2101 2700 2223 2730 Privato
2239 2699 2342 2738 Sigillo-

1304 2817 1407 2847 Ordres
1424 2819 1526 2850 e‘tablis
1546 2829 1602 2860 par
1614 2817 1651 2859 fh
1671 2817 1730 2848 tres
1749 2815 1895 2848 excellente
1915 2813 2038 2855 Majeste‘
2052 2814 2078 2844 Ie
2096 2817 2147 2845 Roi
2164 2822 2244 2845 notre
2257 2816 2379 2846 Sere‘nis-

1342 2856 1404 2894 sime
1423 2862 1594 2897 Souveram,
1617 2867 1672 2897 par
1689 2857 1717 2887 la
1737 2860 1823 2886 Grace
1842 2856 1875 2884 a'e
1893 2857 1986 2892 Dieu,
2003 2857 2053 2884 Rct
2073 2854 2287 2893 d’Anglcterre‚
2312 2853 2382 2885 d'E-

1343 2893 1439 2935 colle,
1457 2898 1489 2926 de
1509 2897 1618 2928 France
1637 2894 1675 2932 ό·
1694 2895 1854 2931 d’lrlmde,
1879 2892 2031 2932 Definseur
2056 2893 2087 2922 de
2111 2892 2141 2922 la
2160 2896 2222 2930 Fui,
2247 2891 2308 2927 &c.
2346 2893 2381 2922 de

1342 2932 1427 2964 l'avis
1456 2937 1490 2965 du
1523 2934 1580 2966 tres·
1609 2934 1756 2965 honerable
1773 2934 1876 2972 Conseil
1897 2933 1989 2962 Privts
2001 2932 2033 2960 de
2050 2934 2087 2961 Sa
2106 2931 2238 2974 Majeste‘,
2255 2940 2321 2969 pour
2337 2942 2385 2961 re·-

1341 2972 1399 3010 gler
1417 2973 1519 3012 l'Office
1537 2975 1570 3004 de
1597 2973 1626 3003 la
1642 2974 1748 3012 grande
1767 2971 1925 3001 Garderobe
1943 2971 1977 3000 de
2001 2973 2038 2999 Sa
2058 2970 2194 3009 Maleste‘5
2224 2977 2311 2999 tontes
2330 2969 2383 3008 les-'-

1342 3011 1441 3050 quelles
1461 3013 1546 3052 choses
1565 3017 1617 3043 Son
1637 3011 1744 3051 Alteffl’
1764 3019 1833 3041 veut
1853 3010 1890 3044 ὠ·
1917 3008 2072 3039 commande
2091 3018 2138 3049 qm
2159 3007 2249 3046 fiuent
2266 3008 2384 3038 Λανίκη-

1340 3057 1414 3079 ‘want
1441 3052 1567 3082 duement
1593 3051 1730 3089 obfirvees
1756 3050 1794 3085 (θ’
1818 3047 1948 3086 ἕανάίες,
1972 3055 2025 3085 par
2050 3045 2074 3076 le
2101 3050 2212 3076 Maitre
2236 3047 2268 3076 de
2293 3046 2382 3078 [adite

1341 3091 1448 3127 grande
1467 3091 1643 3128 Garderobe‚
1681 3089 1719 3124 ὠ
1736 3098 1788 3127 par
1807 3096 1866 3116 tous
1884 3085 1921 3115 les
1945 3093 2039 3116 autres
2057 3084 2198 3124 Officiers,
2223 3088 2381 3115 Servrteurs

1344 3128 1383 3164 ὠ·
1405 3131 1546 3170 Ministres
1565 3131 1597 3159 de
1616 3133 1654 3159 Sa
1674 3127 1792 3166 Majefte
1806 3126 1824 3156 ἃ
1842 3128 1888 3164 qui
1904 3124 1928 3155 il
1943 3124 2142 3164 appartiendra
2157 3122 2195 3158 ὠ·
2208 3131 2311 3162 pourra
2326 3132 2378 3168 ap.-

1343 3173 1467 3207 partenir
1476 3180 1487 3206 ,-
1509 3168 1617 3198 αννέιέπ
1634 3178 1685 3206 par
1703 3170 1741 3196 Sa
1762 3165 1890 3205 Majeste',
1897 3174 1993 3193 comme
2006 3162 2030 3192 il
2043 3161 2155 3207 estndit,
2173 3163 2197 3193 le
2214 3171 2247 3200 15
2264 3161 2379 3194 d’Avril

1346 3208 1378 3236 de
1398 3207 1582 3248 I’anfixffime
1594 3206 1689 3245 defin
1704 3208 1811 3244 Regne,
1830 3207 1979 3241 Annoque
1997 3201 2126 3232 Domini
2144 3202 2232 3241 1630.

1348 3325 1444 3366 Q'on
1461 3323 1593 3365 affignera
1609 3335 1647 3354 au
1666 3325 1774 3353 Maitre
1793 3321 1826 3351 de
1843 3321 1871 3351 la
1893 3319 2000 3359 grande
2018 3317 2176 3348 Garderobe
2200 3317 2274 3365 seize
2301 3318 2380 3350 mille

1311 3365 1392 3396 livres
1412 3373 1468 3404 par
1490 3375 1544 3402 an,
1571 3365 1591 3391 ὰ
1613 3370 1713 3402 compte
1722 3370 1776 3400 par
1791 3363 1854 3390 voie
1867 3359 1899 3388 de
1909 3358 1985 3397 prit,
2003 3366 2071 3395 pour
2089 3356 2115 3386 le
2137 3355 2319 3395 defrasement
2334 3359 2380 3388 des

1309 3403 1432 3443 despenser
1442 3401 1582 3440 generales
1597 3399 1635 3436 ό·
1651 3400 1790 3431 annueller
1806 3399 1838 3429 de
1854 3397 1942 3427 ladite
1964 3396 2132 3426 Garderobe.

1349 3479 1416 3520 Que
1430 3487 1518 3511 toutes
1533 3479 1570 3509 les
1584 3478 1695 3508 Hardes
1712 3478 1744 3507 de
1759 3475 1987 3513 Garderohepour
2002 3472 2284 3512 Iefhurniffementdes
2304 3475 2379 3504 Gari

1310 3519 1416 3549 derobes
1435 3519 1468 3549 de
1488 3522 1525 3548 Sa
1550 3517 1684 3556 Majeste‘,
1709 3518 1753 3546 des
1770 3515 1895 3554 Maifims
1918 3512 1956 3548 (ῥ’
1977 3513 2023 3542 des
2037 3511 2376 3551 Ambaffirdeursffhnt

1310 3557 1428 3595 fournies
1445 3557 1508 3586 hors
1522 3555 1554 3586 de
1568 3555 1655 3585 ludite
1667 3556 1772 3593 grande
1787 3552 1939 3583 Garderobe
1953 3552 1970 3580 ἃ
1985 3551 2094 3580 ΙῸνᾶνε
2106 3552 2141 3581 du
2155 3554 2222 3588 Roi,
2231 3549 2319 3589 dreffif
2340 3556 2376 3576 ar·

1312 3597 1337 3625 le
1353 3596 1428 3626 Clerc
1444 3598 1488 3625 des
1509 3595 1678 3625 Garderobes
1695 3596 1729 3623 du
1745 3596 1810 3629 Roi,
1831 3602 1863 3620 ou
1880 3591 1898 3620 ἃ
1914 3591 2027 3620 l’Ordre
2046 3590 2083 3619 du
2108 3591 2187 3619 Lord
2202 3587 2318 3633 Chare-be
2327 3584 2378 3614 lan

1313 3636 1345 3664 de
1358 3635 1387 3664 la
1406 3633 1517 3672 Maifim
1533 3634 1565 3662 de
1581 3636 1618 3662 Sa
1635 3629 1914 3672 Mayeste‘,declarant
1932 3630 1956 3658 le
1971 3628 2132 3668 hon-plaifir
2146 3629 2183 3657 du
2198 3629 2248 3656 Roi
2259 3635 2277 3654 a
2292 3630 2333 3653 cet
2347 3624 2376 3652 ί-

1309 3674 1400 3711 ga'rd,
1418 3672 1456 3707 ὠ-
1496 3682 1527 3701 ue
1544 3671 1573 3701 la
1587 3671 1663 3711 Liste
1679 3672 1723 3700 des
1738 3669 1847 3700 articles
1857 3667 2030 3707 particuliers
2046 3674 2171 3697 centenus
2180 3665 2248 3694 dans
2261 3660 2374 3691 l’ordre

1311 3713 1348 3741 du
1367 3711 1445 3741 Lord
1458 3683 1636 3740 czambellan
1644 3708 1710 3748 sera
1719 3710 1810 3748 fignese
1822 3715 1876 3744 par
1892 3707 1915 3736 le
1931 3707 2005 3736 Clerc
2020 3706 2065 3735 des
2076 3701 2260 3737 Garderobes,
2277 3705 2373 3729 avant

1310 3761 1362 3789 que
1376 3750 1409 3786 le,-
1423 3749 1504 3780 Lord
1522 3747 1700 3778 chambellan
1722 3752 1764 3776 ait
1778 3746 1859 3786 figne‘
1879 3751 1920 3775 cet
1943 3744 2034 3775 Ordre
2045 3766 2056 3782 ‚
2092 3742 2130 3778 ὠ
2147 3740 2279 3781 qu'aucun
2294 3745 2375 3775 autre

1310 3788 1400 3818 Ordre
1412 3799 1445 3818 ne
1453 3787 1520 3827 sera
1529 3788 1671 3825 approuve‘
1681 3786 1699 3816 ἃ
1714 3794 1755 3816 cet
1770 3785 1860 3823 e‘gard.

1347 3864 1413 3904 Que
1427 3870 1501 3894 toute
1508 3862 1586 3903 fhrte
1610 3863 1643 3893 de
1665 3866 1771 3901 Linge,
1789 3865 1974 3901 appartenant
1990 3857 2011 3886 >a
2030 3855 2060 3886 la
2077 3851 2215 3891 Persbnne
2228 3852 2322 3905 qualf
2339 3854 2374 3884 de

1312 3907 1348 3934 Sa
1367 3901 1505 3943 Majeste‘,
1521 3902 1582 3940 sera
1593 3903 1693 3941 fourni
1709 3902 1772 3932 hors
1789 3903 1822 3930 de
1839 3899 1924 3930 ladite
1939 3894 2044 3935 grande
2061 3891 2215 3937 Garderobe
2225 3915 2235 3931 ,
2251 3904 2271 3920 a
2291 3892 2304 3922 l
2315 3895 2373 3922 Or—

1311 3943 1358 3972 dre
1376 3943 1411 3972 du
1426 3946 1542 3980 premier
1560 3940 1756 3970 Gentilhomme
1773 3941 1806 3969 de
1820 3937 1850 3968 la
1868 3935 1999 3967 chambre
2015 3931 2050 3960 du
2068 3932 2118 3958 Ro,
2138 3953 2148 3968 ‚
2183 3941 2215 3960 ou
2243 3932 2252 3967 (
2262 3942 2296 3960 m
2317 3930 2373 3970 ft,-

1311 3981 1434 4020 absence)
1455 3980 1474 4009 ἂ
1493 3980 1558 4009 celui
1575 3980 1607 4009 de
1624 3979 1736 4020 quelque
1753 3985 1833 4007 autre
1850 3972 2049 4017 Gentilevmme
2069 3979 2101 3998 ou
2114 3968 2200 4014 'Valet
2219 3969 2251 3998 de
2268 3968 2372 4016 Chem-

1313 4021 1360 4049 bre
1378 4021 1410 4049 de
1429 4022 1467 4049 Sa
1486 4016 1781 4058 Majeste³‚fign1·fiant
1798 4015 1823 4044 le
1841 4007 1997 4048 bon-platfir
2014 4007 2051 4041 du
2066 4009 2118 4041 Ro}
2126 4006 2180 4049 sur
2199 4017 2239 4041 ces
2259 4007 2372 4039 arridet

1307 4057 1500 4098 particulam,
1509 4056 1576 4096 fias
1584 4057 1624 4097 fi·
1638 4058 1780 4096 signam-e
1796 4061 1830 4084 eu
1845 4048 1877 4081 la
1890 4048 1960 4088 leur,
2318 4081 2387 4123 Q„
