2536 4255
227 172 305 220 278

70 241 149 275 'Am‘-
170 242 308 286 D·l1elm0
325 260 451 287 Moraton
467 280 475 294 ,
502 256 645 288 Officium
665 257 816 289 Secretarii
833 269 866 290 ac
883 258 1020 290 Custodis
1036 259 1156 300 Signetti
1178 261 1206 291 in
1231 269 1294 298 par-

72 282 182 347 Alyf332·
224 294 299 325 tibus
318 297 474 327 borealibus
490 296 610 327 durante
631 296 697 328 Vita
713 298 744 328 in
763 297 948 329 Reversione.

71 362 137 386 Car-
158 368 181 386 1.
1209 337 1243 368 P'
1262 337 1292 369 S'

106 399 174 440 ,Ραη
521 414 576 441 Pro
591 411 693 442 Thema
710 412 840 452 Jennens
856 412 894 450 &¹
909 413 974 444 alio.

70 440 168 472 prima,
259 445 330 479 The
351 447 433 488 King
445 472 454 486 ‚
474 450 522 481 the
541 451 705 482 fourteentli
722 452 787 490 Day
806 454 844 485 of
857 453 966 493 August
980 478 990 491 ,
1008 462 1101 497 granis
1125 462 1157 484 to
1174 450 1291 482 Thoma‘

72 477 122 502 No·
141 482 169 509 9·
219 486 350 524 Jennem
367 495 422 518 and
439 489 517 527 John
532 490 641 520 Latche
660 491 709 522 the

222 526 322 565 during
343 527 415 557 Life.

727 491 828 523 Office
846 493 883 523 of
898 493 988 523 Clerk
1008 496 1039 524 os
1059 494 1105 523 the
1130 492 1291 528 Bankrupts

1206 564 1240 596 P.
1258 566 1289 597 S.

107 628 170 653 Pars

70 666 164 701 prima,
588 647 643 675 Pro
663 648 783 677 Henrico
800 649 914 678 Lawes.

75 707 127 732 No·
149 711 175 737 7,
220 678 324 749 LThe
342 679 423 721 King
438 705 448 721 ‚
464 683 514 713 the
531 692 641 731 twenty
662 685 720 729 first
741 685 806 730 D.²²y
826 687 863 716 of
880 683 986 729 Arqgust
1003 707 1012 722 ‚
1029 691 1124 723 grants
1144 690 1177 713 to
1196 684 1291 723 Henry

252 731 346 763 antes,
366 729 397 751 to
416 723 452 751 be
469 732 526 752 one
544 724 582 753 of
595 724 638 756 his
655 723 803 764 Majesties
823 724 979 756 Musicians
996 723 1041 754 for
1063 721 1113 753 the
1131 721 1220 753 Lutes
1233 722 1290 753 and

219 757 326 791 Vuices
341 759 444 800 during
464 761 601 794 Pleasure.
1207 798 1232 832 P
1258 798 1278 831 S

65 861 167 934 prissgs
573 883 628 911 Pro
648 880 756 911 Ambra
767 892 791 910 ro
812 878 922 948 Mafm.

156 917 164 928 ¹
256 915 325 947 The
343 915 403 947 Kin
433 942 442 956 ,
461 919 511 950 the
523 919 621 951 fourth
641 919 706 959 Day
725 929 744 949 o
772 921 890 956 Marc),
907 924 1001 957 grants
1017 925 1049 948 to
1067 915 1176 947 Ambra
1191 928 1204 945 e
1219 918 1288 945 Ma-

1180 954 1289 995 ajesties

1204 1032 1238 1064 P.
1257 1032 1288 1064 S.

66 940 118 964 M.
140 944 182 972 ¹5·
210 954 281 994 fin,
303 956 350 986 the
368 956 399 987 Ο
423 957 469 989 'ce
485 958 522 988 of
535 969 592 990 one
608 959 646 989 of
659 959 708 989 the
725 957 859 990 Yeoman
880 956 1013 989 Prickers
1030 956 1068 988 Of
1079 956 1122 986 his

216 996 301 1034 privy
319 995 451 1028 Harriers
468 997 573 1038 during
590 997 667 1029 Life.

102 1099 163 1124 Pan
575 1115 626 1143 Pro
641 1113 776 1152 Johanne
797 1111 917 1143 Melton.

56 1135 185 1201 (qumla'
254 1150 321 1182 Rex
335 1174 345 1190 ,
369 1152 604 1183 vicesimo-tertio
629 1152 687 1181 Die
708 1155 784 1181 Maii
799 1175 808 1190 ‚
839 1149 979 1182 conceffit
1004 1149 1136 1190 Johanni
1155 1147 1286 1187 Melton,

63 1187 75 1202 ⁴
92 1184 113 1201 ⁰·
135 1183 180 1203 ²¹·
219 1189 371 1228 Armigero
397 1191 538 1221 Officium
568 1191 713 1221 Secretarii
740 1202 773 1222 ac
800 1189 938 1222 Custodis
965 1190 1085 1228 Signetti
1112 1190 1139 1219 in
1160 1190 1286 1227 partibus
1327 1218 1329 1221 .

217 1230 378 1261 borealibus
396 1231 513 1260 durante
531 1230 604 1261 Vita.

1203 1266 1236 1296 P.
1257 1266 1287 1297 S.

54 1331 167 1401 [35:52
372 1386 376 1391 .
588 1346 641 1374 Pro
660 1349 778 1376 Henrico
799 1346 912 1376 Par-ker.

60 1409 112 1433 No·
129 1388 183 1442 ²5?
255 1384 323 1416 The
340 1384 434 1429 ng,
453 1386 502 1416 the
520 1386 658 1416 twelverh
679 1385 744 1425 Day
765 1386 801 1415 of
817 1389 887 1424 May
901 1408 911 1424 ,
931 1392 1022 1429 grants
1041 1394 1072 1415 to
1092 1385 1190 1427 Heniy
1212 1383 1284 1413 Par—

218 1423 284 1462 ker,
305 1423 420 1460 Elquire
439 1425 489 1454 the
508 1424 609 1455 Office
628 1424 665 1454 of
679 1423 767 1455 Cleri<
784 1424 830 1454 for
850 1423 1035 1461 Prolecunng
1049 1446 1058 1461 ,
1080 1423 1208 1462 Levymg
1227 1422 1281 1451 and

217 1463 462 1505 Recoverrng-of
481 1463 516 1494 all
544 1464 627 1494 Fines
651 1464 705 1494 and
726 1464 894 1494 Forfeitures
909 1462 947 1494 set
967 1464 997 1492 in
1018 1463 1065 1492 the
1081 1461 1283 1492 Starchamber

214 1502 317 1540 during
338 1501 472 1533 Pleasure.

1197 1537 1231 1569 P.
1251 1537 1281 1568 S.

58 1637 80 1670 s?
82 1602 161 1674 ,051ssss
514 1658 518 1662 ἱ
572 1620 623 1647 Pro
639 1616 773 1656 Johanne
792 1616 916 1656 Pinsbnt.

51 1670 107 1705 *No*
131 1662 173 1706 η·
249 1656 332 1703 Rex,
351 1657 472 1701 septimo
491 1656 536 1702 die
552 1657 652 1701 Juqi'i',
671 1657 809 1703 concessit
828 1656 962 1695 Johanni
982 1655 1115 1700 Pipsbrit,
1134 1652 1279 1700 Officium

166 1698 175 1707 ’
211 1696 246 1727 de
267 1696 463 1726 (ionfeetione
478 1719 486 1734 ‚
514 1697 674 1733 §criptiorie
700 1698 732 1728 &
753 1698 917 1734 &ignatione
937 1704 1072 1724 omnium
1095 1694 1227 1725 Brevium
1245 1696 1281 1726 de

207 1735 382 1777 Supersedeas
402 1738 472 1766 inira
489 1734 608 1766 Curiam
625 1738 660 1766 de
680 1738 819 1764 Communi
835 1738 932 1763 Rauca
949 1733 1067 1764 durante
1087 1732 1154 1763 Vita
1169 1735 1197 1763 iii
1219 1734 1279 1765 Re-

209 1778 347 1806 verlione.
1199 1809 1231 1841 P.
1249 1812 1279 1844 S.

89 1889 154 1930 *Pus
570 1892 625 1920 Pro
641 1892 751 1927 Georgia
771 1888 869 1919 Radclr'
892 1900 914 1918 e.

54 1930 150 1961 prima,
244 1929 311 1960 Rex
327 1952 337 1968 ‚
358 1928 593 1969 quinto-decimo
612 1929 659 1960 di'e
676 1929 860 1966 Novembris,
880 1926 1028 1959 constituit
1047 1929 1190 1967 Georgium
1205 1931 1278 1960 Rat-

53 1968 103 1992 No.
124 1974 150 2001 3·
204 1968 293 2008 cliffi’,
311 1970 496 2008 Armigerum
519 1967 722 1999 Confiliarium
741 1969 821 1998 suum
837 1967 872 1999 ad
892 1966 1015 2007 Legem.
1192 2006 1217 2038 P
1244 2006 1265 2040 S

84 2082 148 2109 Pars
596 2088 649 2116 Pro
667 2085 768 2116 {rhama
786 2087 880 2115 Rives.

42 2118 171 2156 secunda,
241 2123 324 2162 Rex,
344 2123 481 2156 vicesimo
497 2126 599 2163 quinto
620 2126 678 2156 Dic
696 2125 799 2164 Junii,
819 2123 959 2155 concess'it
977 2122 1075 2154 Thome
1093 2125 1196 2163 merses,
1216 2124 1275 2156 Le-

50 2161 102 2186 No.
120 2162 147 2187 ὁ·
224 2163 758 2235 ursnrilzcgstgzivgflgfflgmjaegantis
775 2163 925 2196 Gardiano
937 2164 1064 2203 quinque
1080 2161 1222 2195 Portuum
1239 2165 1274 2196 ὅ(

233 2213 247 2233 ²
694 2226 700 2234 '
1188 2240 1222 2273 P.
1245 2241 1276 2274 S.

80 2311 144 2352 ,ἦγ’
559 2323 574 2339 ”
597 2323 648 2351 Pro
663 2320 798 2351 Nicholao
813 2323 907 2351 stone.

47 2352 143 2413 {gma'
236 2356 307 2389 The
326 2359 412 2395 King
428 2383 437 2398 ,
456 2360 507 2391 the
528 2360 599 2391 sixth
618 2360 683 2400 Day
698 2361 734 2390 of
745 2360 877 2397 offatm,
897 2368 990 2404 grants
1006 2369 1036 2391 to
1056 2360 1091 2388 Ν
1095 2357 1196 2390 icholas
1211 2362 1273 2404 ⁴§fto-

49 2425 65 2440 ,
88 2395 171 2454 Χῗχ
198 2408 261 2466 ἷξε,
285 2400 332 2430 the
360 2398 460 2431 Office
485 2399 523 2431 of
545 2398 655 2431 Master
679 2398 787 2431 Mason
805 2398 841 2430 of
855 2400 904 2430 the
924 2398 1018 2439 Kings
1038 2398 1150 2429 Works
1167 2400 1270 2439 during

19 2509 24 2514 .
49 2470 117 2500 433-
227 2446 275 2466 η’
1192 2473 1226 2506 Ρ,
1242 2474 1273 2508 3,

80 2542 142 2584 ,¹³⁴⁸
590 2556 644 2584 Pro
660 2552 733 2584 Beal
745 2556 887 2592 Saperton.

46 2584 146 2646 ἕψε»
238 2588 327 2633 Rex,
345 2591 577 2636 quarto-decimo
592 2593 651 2623 Die
669 2591 805 2637 Augusti,
828 2591 966 2623 concessit
980 2592 1053 2622 Beal
1068 2595 1199 2636 Saperton
1217 2591 1272 2623 Ar-

134 2640 142 2648 ·
203 2636 317 2668 mlgero
336 2629 479 2660 Oflicium
499 2641 580 2661 unius
596 2631 790 2662 Servientium
809 2632 844 2661 ad
862 2632 951 2662 Arma
969 2634 1086 2663 durante
1108 2632 1208 2701 Vita-P
1236 2669 1256 2700 S

78 2732 141 2775 3³⁷⁸
546 2748 599 2775 Pro
617 2745 766 2776 Willielmo
780 2745 929 2776 Trumball.

46 2775 141 2816 ‘'fma’
236 2782 308 2813 The
330 2782 408 2824 Kirig
427 2808 436 2822 ,
463 2784 513 2815 the
529 2785 606 2815 third
626 2784 689 2824 Day
707 2784 742 2814 of
756 2784 820 2820 July
836 2808 845 2820 ‚
869 2793 962 2822 grants
976 2792 1008 2813 to
1026 2783 1154 2814 William
1168 2787 1264 2815 Trum—

47 2812 97 2837 Μ·
118 2817 160 2843 ¹4·
200 2820 276 2890 ῗῖζὲ,
295 2822 343 2853 the
361 2822 474 2854 Officer
498 2823 535 2854 of
552 2822 665 2853 muster
691 2821 801 2854 Master
825 2822 959 2853 Generaii
973 2822 1009 2852 of
1019 2822 1266 2862 Englandduring

1182 2899 1217 2931 P.
1236 2899 1265 2931 s.

80 2966 144 3009 ,ΡΜῙ
476 2979 527 3008 Pro
544 2977 689 3008 H'illielmo
702 2977 858 3017 Thornbury
874 2976 912 3012 ὠ·
931 2976 995 3007 alia.

47 3008 153 3067 {1¹ka
238 3014 323 3054 Rex,
339 3017 441 3052 quinto
460 3016 516 3046 Die
533 3017 626 3055 Juln‚
645 3017 792 3054 assignavit
813 3015 994 3047 Willielmum
1009 3014 1169 3054 Thornbury
1182 3017 1215 3048 &
1237 3019 1267 3046 Ι-

50 3046 100 3070 Μ·
117 3051 131 3069 ²
159 3061 165 3067 ⁴
195 3052 312 3093 βαι-κω
337 3055 512 3092 Thornhmy,
542 3055 725 3086 Colledh'ires
742 3054 950 3086 Custumarum
967 3057 1001 3086 &
1020 3054 1218 3085 Subsidiorum
1238 3056 1266 3085 in

204 3093 295 3124 Portu
316 3092 447 3125 Civitatis
468 3095 583 3123 London
602 3094 725 3124 durante
743 3094 819 3125 Vita.
1184 3130 1208 3162 P
1237 3131 1256 3162 S

81 3197 143 3222 Pars

50 3235 157 3269 petunda
169 3231 186 3265 ,’

55 3276 105 3301 No.
127 3281 169 3309 ¹3·
203 3285 348 3317 Officium
375 3288 482 3318 Clerici
507 3287 719 3318 irrotulamenti
739 3286 872 3315 omnium
892 3285 926 3315 &
944 3286 1112 3324 lingularum
1129 3284 1266 3315 Indentu-

204 3335 298 3357 rarum
316 3328 349 3358 ὃ(
367 3327 545 3365 Scriptorum
564 3327 634 3355 inter
654 3325 790 3355 Recorda
810 3323 973 3353 Cancellari‘e
994 3324 1110 3355 durante
1133 3322 1209 3354 Vita.

1183 3360 1216 3392 P.
1235 3361 1265 3393 S.

569 3211 623 3238 Pro
636 3207 775 3248 Francrfio
793 3207 910 3238 ThraJeJ

93 3432 153 3473 ,Pan
489 3445 541 3472 Pro
554 3441 699 3472 Edmundo
713 3438 864 3479 Wyndham
877 3438 915 3474 (ἐν
928 3438 999 3470 aliis.

60 3474 153 3518 prima,
249 3481 314 3511 Rex·
324 3503 333 3518 ‚
360 3482 455 3519 primo
478 3481 534 3512 Die
559 3480 676 3520 Augusti·
691 3502 700 3516 ‚
725 3480 872 3510 constituit
894 3479 1067 3509 Edmundum
1094 3477 1266 3517 Windham,

62 3512 111 3543 ³⁸⁰³
134 3515 177 3533 ¹⁰¹
207 3522 379 3559 Franciscum
400 3519 552 3550 Windham
577 3521 609 3551 &
633 3518 761 3548 Thomam
777 3520 894 3555 Warre,
914 3516 1043 3548 Clericos
1058 3518 1091 3548 ad
1107 3518 1206 3555 placita
1225 3517 1267 3547 su-

232 3570 259 3588 er
275 3560 372 3589 brevia
387 3559 423 3587 de
438 3558 542 3588 Errore
558 3557 722 3595 corrigenda
735 3578 745 3594 ‚
773 3565 871 3586 coram
882 3556 1038 3594 Justitiariis
1053 3557 1087 3586 de
1104 3556 1267 3586 Communi

211 3570 309 3627 ¹birico
319 3620 327 3635 ,
345 3598 376 3627 δε
393 3597 548 3627 Batonibus
561 3598 596 3627 de
612 3596 765 3627 Scaccario
779 3596 807 3625 in
823 3594 945 3625 Camera
961 3595 1103 3626 Scaccarii
1117 3594 1269 3633 expedien-

210 3637 258 3674 di,
277 3637 393 3666 durante
411 3635 485 3666 Vita.
1194 3671 1218 3702 P
1244 3671 1265 3702 S

101 3764 118 3789 p
128 3770 162 3786 m
536 3753 589 3780 Pro
603 3754 700 3780 Franci·
715 3761 741 3779 co
759 3748 951 3778 windebanke.

59 3800 170 3837 secunda
185 3815 191 3825 ,
258 3790 321 3820 Rex
331 3815 338 3828 ,
349 3791 597 3833 vicesimo-primo
614 3789 671 3819 Die
686 3749 790 3832 firmi,-
802 3787 956 3817 constituit
973 3786 1141 3826 Francifium
1157 3786 1272 3831 lfls'inde-

65 3842 102 3868 N,
132 3845 160 3876 5,
214 3828 315 3866 ῥοπὴν,
336 3840 425 3860 unuin
440 3833 661 3859 becretariorum
680 3835 877 3864 primariorum
898 3826 1016 3856 durante
1031 3826 1221 3894 beneplaciti}
1243 3863 1263 3894 S

102 3950 163 3973 Pars
586 3945 639 3972 Pro
653 3942 788 3972 nithardo
802 3941 910 3979 Weston.

59 3983 183 4021 septima,
252 3980 335 4016 Rex,
355 3981 604 4017 vicesimo-quinio
622 3981 676 4010 Die
694 3984 785 4017 Maii,
803 3979 942 4010 concessit
959 3978 1075 4009 Ricardo
1089 3977 1272 4017 Westmssf-

66 4027 117 4052 No.
136 4033 178 4059 14-
213 4019 312 4051 ficium
333 4021 409 4047 uniusv
427 4018 644 4056 justitiariorum
664 4019 865 4049 Coniitatuum
893 4022 1058 4047 Carnarvon
1076 4039 1085 4054 ,
1113 4016 1272 4045 Merioneth

213 4060 247 4092 ὃς
265 4054 394 4096 Anglrfiji
410 4081 418 4090 ,
437 4057 506 4086 infra
526 4056 762 4093 principalitatem
783 4059 810 4086 n
818 4056 884 4086 >illie
901 4058 1016 4087 durante
1035 4054 1226 4092 beneplacito,

1188 4091 1221 4123 P.
1240 4092 1269 4123 S.

684 170 1484 220 CONVENTIONES,

240 3247 304 3278 Rex
320 3272 330 3287 ,
357 3248 605 3286 vicesimo-primo
625 3248 682 3278 Die
698 3250 780 3285 Junri
796 3270 806 3285 ‚
832 3246 969 3277 concessit
985 3245 1127 3285 Francifio
1147 3245 1265 3283 Thrale,
1300 3253 1311 3281 J

1568 171 1973 218 LITERAE‚

1693 261 1747 288 Pro
1764 257 1887 298 Philippo
1900 260 2051 289 Warwiek,
2420 251 2499 283 Ann.
2511 252 2536 285 D

1369 296 1448 341 Rex,
1471 296 1707 341 vicesimo-tertio
1728 298 1784 342 Die
1802 296 1939 342 Augusti,
1959 297 2101 329 conceffit
2117 297 2240 340 Philippo
2256 308 2393 338 Warwick
2440 293 2527 335 1632.

1334 336 1514 375 Armigero,
1540 336 1685 367 Officium
1710 347 1791 367 unius
1821 336 2007 368 Clericorum
2031 338 2252 371 Ordinatiorum
2277 332 2402 383 Signettj'
2416 335 2470 360 An.
2488 335 2516 362 ⁸·

1332 374 1437 412 Anglie
1456 375 1573 406 durante
1594 374 1659 406 Vita
1678 377 1707 407 in
1728 375 1912 407 Reversione.
2415 373 2477 435 Cal}-
2499 381 2510 399 ¹

2465 418 2507 436 ,Π

2391 447 2398 454 “
2416 446 2527 483 vicelinus

2413 486 2510 520 primu.

2415 526 2465 552 No.
2485 533 2534 561 ¹7⁰

1331 536 1562 582 Pnfimationes
1593 535 1638 570 ad
1659 549 1836 585 quecunque
1860 539 2004 584 Beneficia
2024 542 2223 587 Ecclesiastica
2248 544 2285 579 de
2310 550 2401 583 Anno

1694 587 1800 619 offavo
1820 589 1923 621 Caroli
1935 592 2044 634 primi.

1329 671 1410 729 RE
1422 671 1466 709 X,
1485 672 1547 704 &c.
1574 671 1751 704 Reverendo
1771 674 1800 704 in
1822 672 1942 704 Christo
1963 673 2086 708 Patriae
2102 677 2255 720 Domino,
2275 683 2394 714 Roherto
2413 671 2489 703 Ann-
2502 673 2534 706 D

1378 749 1382 753 Ι
1401 710 1594 755 Providencia
1610 711 1719 742 Divina
1738 711 1854 752 Bnstoll
1869 711 2033 752 Episcopo,
2049 715 2142 754 ejusve
2160 720 2189 748 in
2204 720 2325 753 absentia
2342 721 2395 754 Vi·
2433 714 2519 752 ¹⁶32·

1327 756 1407 778 cario
1428 760 1457 794 iri
1479 750 1677 788 spiritualibus
1694 751 1835 790 generali,
1862 760 1910 783 aut
1932 752 1976 782 alii
1998 753 2163 794 cuicunque
2178 758 2345 794 potestatem
2359 763 2393 794 &
2411 753 2472 780 Ρη
2485 754 2513 782 ⁸·

1326 788 1530 856 ¹{iuthoritatem
1542 788 1732 822 sufficientem
1748 792 1778 821 in
1792 790 1847 822 hac
1861 799 1939 829 parte
1951 791 2068 823 habenti
2088 795 2134 825 vel
2151 795 2395 838 habituro,-Salu-
2411 791 2473 819 ω’·
2490 800 2515 822 ¹·

1339 835 1395 856 em.
2430 850 2436 856 .
2456 838 2501 857 ιι.

1365 865 1414 897 Ad
1433 862 1577 897 Vicariam
1595 866 1629 898 &
1642 865 1799 900 Ecclesiam
1815 867 2013 901 Parochialem
2027 869 2063 902 de
2080 869 2230 905 Shirborne
2240 876 2270 907 iri
2285 876 2395 911 Comi·
2409 834 2461 897 ζῶ·
2484 875 2536 907 143

1326 911 1386 935 tatu
1405 903 1506 950 nostro
1522 905 1626 950 porfit
1643 906 1792 945 vestreque
1807 907 1939 939 Diocesis
1953 933 1964 947 ,
1989 910 2083 940 modo
2099 921 2150 951 per
2168 922 2295 947 mortem
2312 926 2395 950 natu·
2528 930 2529 933 ¹

1326 943 1424 988 talem·
1436 944 1529 974 ultimi
1547 943 1752 987 ⁴Incumbentis
1769 945 1876 977 ibidem
1889 948 1949 985 jam
1972 957 2120 980 vacantem
2136 973 2147 989 ‚
2171 952 2205 983 &
2218 953 2251 984 ad
2267 955 2396 988 nostram

1326 981 1519 1013 donationem
1538 985 1595 1014 sive
1613 983 1847 1022 presentationem
1861 986 1949 1023 pleno
1965 986 2023 1017 'ure
2039 988 2230 1029 specstantem,
2254 992 2394 1026 dilecfitum

1327 1021 1429 1052 Nobis
1442 1023 1469 1053 in
1488 1021 1608 1053 Christo
1626 1022 1807 1053 Willielmum
1821 1023 1934 1064 Lyfirrd
1975 1025 2210 1064 leticum,V0bis
2224 1031 2395 1069 presentium

1326 1069 1426 1091 tenore
1446 1060 1650 1098 presentamus:
1671 1061 1843 1093 Mandantes
1864 1064 1898 1095 &
1915 1064 2088 1102 requirentes
2108 1075 2244 1104 quatenus
2257 1080 2310 1101 vos
2324 1081 2395 1103 eun-

1327 1100 1394 1130 dem
1409 1099 1590 1143 Willielnram
1605 1099 1713 1140 Lyford
1729 1102 1762 1132 ad
1779 1100 1923 1133 Vicariam
1936 1103 1970 1133 &
1987 1100 2140 1134 Ecclesiam
2156 1105 2347 1141 Parochialetn
2356 1111 2394 1142 de

1323 1139 1470 1169 Shirborne
1486 1138 1611 1182 predrcsta
1623 1141 1772 1170 admittere
1783 1162 1792 1177 ,
1803 1139 1955 1179 Ipsumque
1964 1139 2112 1172 Vicarium
2127 1143 2251 1181 ejusdem
2262 1157 2296 1179 ac
2312 1149 2348 1180 de
2358 1152 2392 1182 &

1324 1180 1352 1208 in
1366 1179 1465 1209 eadem
1485 1186 1535 1207 rite
1552 1177 1584 1207 ὃ(
1600 1178 1742 1214 legittime
1752 1178 1899 1210 instituere
1911 1181 1944 1211 &
1959 1179 2090 1211 investire
2104 1190 2173 1212 cum
2185 1186 2322 1218 omnibus
2337 1188 2392 1219 suis

1319 1218 1448 1254 juribus,
1466 1216 1601 1246 membris
1614 1218 1647 1247 &
1665 1218 1835 1257 pertinentiis
1849 1217 1997 1255 universis,
2007 1217 2166 1259 Ceteraque
2173 1223 2272 1254 omnia
2286 1226 2320 1256 &
2336 1227 2391 1257 sin-

1324 1257 1389 1295 gula
1403 1256 1514 1292 facere,
1529 1264 1662 1297 peragere
1680 1257 1713 1287 &
1738 1257 1907 1294 perimplcre
1920 1279 1930 1294 ‚
1959 1266 2016 1294 que
2034 1257 2127 1288 vestro
2145 1260 2173 1288 in
2189 1260 2242 1291 hac
2257 1271 2334 1300 parte
2350 1266 2393 1296 in-

1326 1296 1471 1326 cumbunt
1485 1293 1600 1324 Officio
1617 1293 1744 1334 pastorali
1755 1317 1764 1333 ‚
1785 1295 1874 1327 velitis
1890 1305 1958 1328 cum
1974 1295 2073 1330 favore
2089 1298 2122 1329 δε
2139 1297 2254 1331 effectu.

1361 1372 1394 1404 In
1410 1375 1489 1414 cujus
1505 1373 1562 1411 rei,
1581 1375 1644 1406 &c-

1321 1451 1447 1520 nisfI‘este
1471 1451 1554 1492 Rege
1574 1451 1648 1491 apud
1664 1448 1923 1492 Westmonasteri‘um
1937 1477 1947 1492 ,
1972 1452 2110 1486 vicefimo
2125 1454 2251 1489 secundo
2266 1457 2312 1491 die
2327 1459 2389 1500 Ju-

1743 1570 1796 1600 Per
1814 1573 1906 1601 Breve
1922 1569 1954 1600 de
1968 1571 2088 1601 Privato
2101 1570 2204 1611 Sigillo,
2220 1572 2281 1609 &a

1357 1642 1423 1678 Rex
1442 1647 1590 1679 Omnibus
1607 1646 1641 1679 ad
1661 1657 1751 1687 quos,
1771 1647 1833 1679 &c.
1852 1645 1990 1678 Salutem.

1357 1687 1458 1718 Sciatis
1475 1688 1553 1726 quod
1574 1688 1643 1718 Nos
1661 1689 1697 1717 de
1715 1689 1801 1726 gratia
1819 1686 1914 1717 nostra
1933 1686 2062 1726 speciali,
2080 1698 2113 1719 ac
2131 1697 2166 1719 ex
2183 1698 2259 1721 certa
2272 1690 2386 1725 scientia

1320 1725 1352 1754 δε
1373 1736 1453 1757 mero
1472 1735 1554 1757 motu
1574 1727 1676 1757 nostris
1695 1725 1839 1757 Dedimus
1857 1726 1890 1757 &
1909 1725 2132 1764 Couceffimus,
2151 1737 2184 1758 ac
2202 1737 2253 1766 per
2271 1731 2383 1768 presen-

1319 1772 1358 1793 tes
1377 1775 1429 1802 pro
1450 1765 1544 1796 Nobis
1560 1787 1569 1802 ‚
1598 1764 1760 1796 Heredibus
1783 1765 1817 1796 &
1836 1762 2052 1795 successoribus
2070 1766 2170 1797 nostris
2187 1790 2196 1804 ‚
2221 1766 2332 1800 Damus
2348 1771 2383 1801 &

1319 1801 1517 1834 Concedimus
1535 1804 1643 1834 dilecto
1660 1803 1757 1834 Nobis
1776 1804 1805 1833 in
1822 1802 1944 1834 Christo
1963 1803 2124 1834 Archibald
2141 1804 2293 1836 Mackeller
2312 1806 2382 1839 Cle-

1318 1843 1398 1910 ricg,
1418 1845 1445 1872 iri
1464 1843 1583 1911 grtiljus
1602 1841 1763 1887 Magistro,
1782 1841 1955 1872 Raetoriam
1973 1844 2068 1911 Sasnc'li
2088 1845 2165 1887 petri
2183 1844 2254 1874 infra
2272 1848 2383 1907 Uarr-iz

1316 1890 1445 1965 223¹?
1456 1889 1890 1965 υιιῗέῑθῖᾷςὲᾞέἆῗξῖἱξὲξῶ
1899 1882 2384 1965 ῗεὲεΐὲἔὲἓξίῖέὧωᾱιξῖῧὲξῖᾈ,
2398 1887 2532 1966 423¹*

1316 1960 1502 1991 collationem
1527 1959 1562 1990 &
1586 1959 1705 1990 liberam
1730 1957 1942 1997 dispositionem
1967 1959 2054 1997 pleno
2072 1970 2135 1998 Jure
2155 1959 2328 1998 spectantem
2348 1963 2384 1996 δε

2404 1670 2454 1695 No.
2467 1675 2532 1704 142.

1314 2000 1531 2036 pertinentem3
1555 1997 1729 2029 Habendam
1744 2019 1755 2035 ,
1780 1996 1935 2028 tenendam
1960 1999 1993 2029 δε
2013 1998 2195 2035 gaudet-idam
2213 1999 2386 2034 Reaoriam

1314 2038 1489 2076 predictam,
1506 2037 1616 2076 prefato
1635 2035 1807 2067 Archibaldo
1827 2034 1982 2066 Mackeller
1999 2037 2121 2068 durante
2139 2038 2195 2068 vita
2215 2038 2261 2070 sua
2276 2063 2287 2079 ,
2314 2051 2386 2074 una-

1314 2085 1385 2108 cum
1406 2077 1543 2108 omnibus
1561 2076 1595 2107 &
1617 2075 1727 2115 singulis
1738 2075 1850 2114 juribus
1863 2097 1874 2112 ‚
1893 2075 2030 2106 membris
2044 2100 2053 2114 ,
2079 2076 2246 2116 frurstubus,
2265 2079 2385 2111 redditi-

1313 2116 1366 2147 bus
1380 2140 1390 2154 ,
1413 2111 1669 2147 commoditatibus
1683 2138 1693 2153 ‚
1718 2113 1889 2154 advantagiis
1905 2137 1915 2153 ,
1939 2113 2076 2146 domibus
2092 2139 2101 2154 ,
2127 2115 2332 2149 emolumentis
2349 2128 2385 2151 ac

1313 2155 1413 2187 ceteris
1432 2153 1570 2192 proficuis
1585 2155 1619 2186 &
1638 2153 1813 2193 pertinentiis
1828 2152 1962 2183 universis
1979 2175 1988 2191 ,
2016 2153 2096 2185 diste
2121 2153 2262 2187 Rectorie
2286 2157 2385 2196 aliquo

1313 2194 1405 2224 modo
1425 2194 1542 2232 debitis,
1561 2192 1719 2230 consuetis,
1737 2192 1945 2233 pertinentibus
1964 2192 2021 2223 sive
2038 2192 2227 2230 spectantibus
2239 2218 2249 2232 ,
2277 2195 2306 2225 iri
2323 2206 2384 2228 tam

1312 2233 1414 2272 amplis
1429 2233 1521 2263 modo
1538 2232 1572 2263 &
1588 2233 1680 2262 fornia
1698 2240 1783 2268 prout
1801 2230 1922 2269 prefatus
1938 2229 2098 2270 Radulphus
2115 2231 2231 2271 Clayton
2249 2242 2296 2265 aut
2314 2244 2382 2268 ante

1312 2282 1378 2303 eum
1397 2271 1562 2302 Willrelmus
1580 2270 1712 2302 Huhbuck
1728 2278 1775 2301 aut
1793 2269 1892 2308 aliquis
1910 2268 1979 2300 alius
1997 2269 2111 2301 Reetor
2131 2270 2188 2302 five
2206 2271 2384 2306 incumbens

1311 2310 1389 2342 diete
1408 2310 1567 2347 Red‘torie,
1587 2319 1634 2341 aut
1652 2309 1737 2348 aliqui
1755 2309 1800 2339 alii
1824 2308 1946 2338 eandem
1965 2307 2136 2339 Rectoriam
2155 2309 2314 2343 habuerunt
2333 2314 2380 2345 vel

1311 2350 1395 2389 gavifi
1414 2350 1545 2388 fuerunt,
1564 2349 1682 2387 habuit,
1701 2348 1790 2378 tenuit
1808 2369 1818 2384 ,
1837 2347 1967 2386 percepit
1985 2347 2030 2378 vel
2048 2347 2153 2386 gavisus
2169 2348 2221 2379 fuit
2237 2371 2247 2387 ‚
2269 2350 2316 2384 seu
2332 2351 2382 2383 ha,

1311 2391 1397 2429 bere,
1416 2397 1527 2427 tenere,
1546 2390 1689 2428 percipere
1708 2386 1753 2419 vel
1771 2386 1892 2425 gaudere
1909 2385 2069 2418 debuerunt
2087 2394 2135 2419 aut
2150 2386 2256 2420 debuit.
2373 2385 2382 2390 ’“

1345 2466 1380 2499 In
1399 2467 1478 2506 cujus
1498 2468 1556 2506 rei,
1573 2467 1636 2500 &c.

1345 2543 1437 2577 Teste
1456 2544 1540 2587 Rege
1557 2546 1634 2586 apud
1653 2543 1916 2585 westmonasterium
1926 2570 1936 2584 ,
1958 2553 2039 2576 nono
2056 2543 2101 2576 die
2117 2546 2206 2575 Maii.

1718 2624 1772 2654 Per
1786 2625 1879 2654 Breve
1895 2622 1929 2653 de
1939 2623 2061 2652 Privato
2077 2620 2188 2660 Sigillo,
2206 2620 2268 2656 ὥσ.

1341 2701 1406 2732 Rex
1423 2725 1433 2740 ,
1460 2702 1521 2734 &c.
1540 2698 1713 2732 Reverendo
1738 2699 1767 2729 in
1793 2697 1913 2730 Christo
1939 2698 2013 2729 Patri
2032 2708 2064 2729 ac
2083 2697 2219 2728 Domino
2240 2696 2373 2736 Johanm·
2392 2706 2442 2731 No.
2459 2711 2521 2740 πμ.

1304 2740 1487 2778 permissione
1505 2740 1607 2770 devina
1625 2736 1767 2778 Cestrienfi
1783 2738 1928 2775 Episcopo
1943 2759 1953 2774 ,
1978 2736 2072 2774 ejusve
2089 2737 2119 2766 in
2138 2736 2265 2767 absencia
2286 2737 2373 2769 Vica-

1304 2781 1348 2809 rio
1369 2780 1397 2809 in
1417 2779 1611 2817 Spiritualibus
1626 2779 1750 2815 generali
1778 2776 1834 2805 five
1860 2776 1905 2805 alii
1922 2775 2085 2813 cuicunque
2103 2776 2131 2804 in
2152 2775 2204 2805 hac
2224 2783 2299 2812 parte
2317 2786 2372 2815 po-

1305 2817 1432 2848 testatem
1453 2818 1509 2847 live
1527 2816 1728 2847 authoritatem
1746 2814 1864 2844 habenti
1883 2813 1939 2843 sive
1958 2814 2110 2850 habituro,
2129 2812 2267 2843 Salutem.

1342 2856 1389 2885 Ad
1415 2855 1583 2886 Rectoriam
1607 2852 1666 2883 sive
1692 2851 1851 2883 Ecclesiam
1875 2850 2076 2882 Parochialem
2101 2850 2138 2881 de
2162 2851 2280 2883 Harden
2306 2852 2371 2884 alias

1306 2894 1472 2924 Hawarden
1489 2893 1581 2924 vestre
1599 2891 1732 2922 Diocesis
1748 2891 1811 2929 jam
1828 2898 1998 2927 vacantem,
2015 2890 2048 2922 ὅ(
2063 2888 2098 2919 ad
2115 2888 2241 2921 nostram
2257 2891 2371 2929 presen-

1305 2934 1442 2963 tationem
1468 2932 1526 2963 five
1552 2941 1600 2970 per
1629 2930 1754 2967 Lapsum
1782 2929 1922 2966 temporis
1940 2928 1997 2959 sive
2015 2937 2065 2965 per
2083 2929 2250 2966 pravitatem
2268 2929 2369 2961 Simo-

1306 2972 1368 3009 nie,
1388 2972 1445 3003 sive
1464 2970 1558 3009 aliquo
1577 2970 1631 3000 alio
1652 2969 1743 2998 modo
1763 2976 1937 3006 quocunque
1955 2975 2008 3005 pro
2025 2967 2080 2996 hac
2097 2967 2163 2997 vice
2181 2975 2292 3000 tantum
2308 2969 2368 3008 spe.

1306 3012 1451 3048 ciantem,
1471 3008 1610 3039 difflstum
1627 3007 1727 3038 Nobis
1750 3016 1780 3036 in
1804 3005 1927 3036 Christo
1943 3005 2090 3035 Robertum
2106 3007 2228 3036 Browne
2240 3028 2250 3044 ‚
2275 3006 2369 3039 Cleri-

1307 3058 1394 3087 cum,
1413 3051 1440 3079 in
1461 3048 1576 3078 Artibus
1596 3045 1768 3085 Magistrum
1781 3066 1793 3083 ,
1812 3043 1904 3074 Vobis
1920 3043 2090 3082 presentium
2109 3051 2209 3075 tenore
2229 3045 2366 3082 presenta-

1308 3098 1386 3118 mus:
1409 3087 1578 3118 Mandantes
1592 3086 1625 3117 &
1639 3095 1668 3115 re
1691 3085 1811 3115 uirentes
1825 3091 1960 3120 quatenus
1972 3081 2098 3112 eundem
2112 3082 2260 3113 Robmum
2268 3086 2372 3115 Brow-

1304 3138 1338 3157 ne
1354 3127 1389 3156 ad
1406 3125 1577 3156 Re&oriani
1596 3123 1652 3154 live
1684 3122 1824 3153 'eclesiam
1839 3120 2038 3152 Parochialem
2053 3121 2090 3149 de
2104 3121 2220 3152 Harden
2236 3121 2292 3153 five
2305 3126 2369 3154 Ha.

1305 3166 1421 3195 warden
1438 3164 1563 3202 predicta
1580 3162 1728 3192 admittere
1744 3170 1751 3190 ε
1779 3158 1934 3197 Ipsumque
1959 3158 2119 3190 Restorern
2146 3159 2267 3198 ejusdcm
2285 3171 2318 3192 ac
2333 3163 2370 3194 de

1306 3206 1340 3236 ὅ(
1357 3206 1386 3234 in
1405 3204 1502 3233 eadem
1522 3200 1668 3232 instituere
1683 3199 1822 3231 canonice
1838 3199 1872 3230 &
1889 3197 2022 3229 investire
2036 3221 2045 3235 ‚
2072 3206 2143 3228 cum
2161 3199 2296 3229 omnibus
2315 3200 2370 3232 suis

1307 3244 1411 3273 'uribus
1426 3264 1436 3279 ‚
1461 3241 1596 3272 membris
1616 3239 1649 3270 &
1670 3237 1850 3278 pertinenciis
1869 3236 2024 3274 universis;
2046 3234 2204 3274 Ceteraque
2221 3238 2320 3269 omnia
2336 3240 2371 3270 &

1306 3281 1412 3320 lingula
1429 3280 1540 3317 facere,
1557 3288 1620 3318 pera
1642 3287 1707 3315 ere,
1725 3277 1759 3308 &
1777 3275 1964 3314 perimplere,
1981 3283 2038 3312 que
2055 3273 2151 3305 vestro
2171 3275 2200 3306 in
2219 3275 2273 3307 hac
2291 3286 2371 3316 parte

1304 3320 1478 3351 incumbunt
1496 3317 1609 3349 Officio
1654 3315 1781 3353 astorali,
1800 3313 1892 3345 velitis
1911 3322 1981 3345 cum
1997 3312 2095 3345 favore
2113 3313 2147 3346 &
2163 3311 2279 3347 effestu.

1343 3397 1378 3428 In
1396 3397 1475 3434 cujus
1494 3396 1550 3434 rei,
1569 3394 1631 3430 ὠς.

1340 3473 1433 3506 Teste
1450 3472 1534 3513 Rege
1552 3470 1626 3510 apud
1646 3467 1929 3511 llfessmonasterr'um,
1945 3468 2095 3501 tricesimo
2113 3470 2210 3508 primo
2228 3469 2274 3502 die
2289 3471 2372 3501 Mar·

1306 3516 1352 3545 tii.

1795 3589 1850 3617 Per
1866 3588 1960 3618 Breve
1976 3585 2008 3615 de
2021 3587 2145 3616 Privato
2160 3585 2260 3624 sigillo.

1348 3667 1414 3699 Rex
1428 3691 1438 3706 ,
1463 3668 1527 3699 &c.
1547 3665 1722 3697 Reverendo
1749 3666 1778 3695 in
1798 3662 1920 3695 Christo
1945 3662 2022 3693 Patri
2039 3658 2287 3704 Dominoahonie
2303 3668 2369 3697 per·
2384 3669 2432 3695 No,
2456 3668 2528 3702 ¹39?

1313 3707 1446 3737 missione
1463 3707 1560 3736 divina
1576 3703 1766 3743 coventrienfi
1781 3701 1820 3738 ό*
1838 3700 1964 3740 Lichensr
1982 3700 2142 3744 Episcopo,
2157 3697 2246 3737 ejusve
2265 3707 2294 3741 in
2317 3699 2367 3729 ab·

1311 3744 1401 3776 sencia
1420 3745 1536 3776 Vicario
1551 3745 1582 3774 in
1601 3742 1796 3780 Spiritualibus
1809 3739 1935 3781 generali
1952 3739 2009 3770 sive
2026 3739 2071 3769 alii
2089 3744 2249 3773 cuicunque
2269 3746 2298 3766 in
2312 3736 2367 3769 hac

1312 3792 1389 3822 parte
1406 3783 1603 3814 authoritatem
1619 3782 1754 3819 habenti,
1769 3780 1906 3810 Salutem.
2021 3815 2027 3820 .
2328 3816 2334 3821 .

1349 3822 1394 3853 Ad
1411 3821 1579 3851 Reitoriarn
1597 3820 1633 3850 de
1651 3822 1740 3857 Upton
1757 3821 1858 3848 Parva
1876 3815 1969 3847 vestre
1987 3812 2116 3845 Diocesis
2141 3820 2190 3847 per
2209 3812 2370 3851 resignatio..

1313 3870 1380 3890 nem
1411 3860 1503 3889 ultimi
1519 3858 1717 3888 Incumbentis
1734 3858 1844 3887 ibidem
1856 3865 1916 3894 jam
1932 3859 2081 3895 vacantem
2095 3871 2106 3887 ,
2133 3850 2167 3880 &
2185 3850 2219 3893 ad
2238 3851 2368 3895 nostram

1312 3898 1545 3936 presentationem
1563 3898 1648 3935 pleno
1663 3897 1726 3933 jure
1741 3888 2099 3934 spectantem3d11estum
2117 3886 2219 3918 Nobis
2236 3899 2264 3919 in
2284 3890 2371 3922 Chri-

1312 3936 1357 3967 sto
1369 3960 1379 3974 ,
1406 3935 1581 3965 Willielmum
1600 3935 1701 3974 James
1712 3958 1722 3972 ,
1749 3934 1899 3964 Clericum
1915 3951 1926 3966 ‚
1951 3936 1981 3969 ir!
2006 3924 2123 3955 Artibus
2141 3925 2369 3968 BaccalaurIum‚

1313 3974 1404 4005 Vobis
1431 3975 1641 4013 presentamus:
1670 3974 1816 4011 Rogantes
1840 3971 1874 4001 &
1898 3971 2070 4001 requirentes
2094 3974 2231 4002 quatenus
2245 3969 2369 3999 eundem

1313 4012 1496 4044 Willielmum
1513 4013 1612 4050 James
1637 4011 1671 4042 ad
1698 4010 1867 4041 Rectoriam
1892 4004 1935 4045 de,
1953 4004 2044 4044 Upton
2062 4004 2162 4049 Paroa
2182 4005 2306 4041 predieta
2323 4006 2373 4038 ad-

1310 4053 1440 4083 mittere:
1456 4050 1609 4088 Ipsumque
1629 4049 1787 4080 Rediorem
1806 4042 1914 4074 ibidem
1928 4038 2073 4071 instituere
2084 4042 2117 4073 &
2132 4042 2283 4083 investire,
2301 4054 2372 4075 cum

1309 4091 1445 4121 omnibus
1464 4088 1515 4120 suis
1529 4090 1640 4127 juribus
1657 4110 1667 4124 ,
1693 4084 1830 4116 membris
1847 4081 1880 4113 &
1899 4079 2075 4118 pertinentiis
2092 4081 2235 4113 universis:
2255 4083 2373 4115 Cetera-

2318 4129 2375 4159 que
