2536 4255
633 164 746 211 ET
826 161 1096 208 ACTA

1 257 42 290 D.
93 255 159 287 And
181 253 259 300 lastiy
277 265 330 287 our
343 253 419 286 Will
434 254 491 287 and
505 252 633 285 Pleasure
648 255 670 284 is
681 277 692 292 ,
714 254 774 285 that
789 253 844 283 this
858 262 911 283 our
924 251 1122 284 Commiffion

96 410 131 441 In
148 411 267 441 Witnes
273 432 284 448 ,
301 410 365 441 &c-

79 486 209 564 fWJCitnes
222 496 276 518 our
291 485 354 517 selfe
371 492 400 517 at
413 481 611 522 Wstminster,
642 482 691 514 the
706 482 816 515 Seaven
831 482 888 515 and
902 484 1054 516 twentieth
1067 484 1119 524 day

58 535 78 556 0
134 537 194 556 une.

543 600 598 629 Per
617 601 710 629 Breve
725 599 757 629 de
776 601 898 630 Privato
914 599 1016 637 Sigillo.

59 729 110 761 De
133 722 329 768 Commtffione
351 723 479 769 Speciali
503 723 605 757 Isaaco
620 722 746 766 Wake,
773 724 898 765 Militi,
917 723 962 758 ad
975 726 1122 759 Traflan-

104 773 179 806 dum
205 776 241 811 (ῤ’
275 770 512 806 Concludendam
536 770 572 804 de
592 773 686 813 Pace,
709 770 781 813 &aa
805 784 874 806 cum
893 775 970 820 Rege
988 774 1124 810 Franco-

104 833 186 856 rum.

9 913 51 945 D,
66 906 113 965 C
123 911 158 938 A
163 909 339 946 ROLUS,
354 907 411 952 Dei
424 907 512 950 gratia
527 929 538 943 ,
555 906 660 943 Magne
676 908 822 951 Britanie,
840 910 953 952 frantie
969 908 1008 944 ὠ
1024 909 1125 956 Hiber-

2 962 27 983 χ,
65 949 255 1016 salunga-Rex
267 970 278 985 ,
300 946 365 977 fider
383 945 523 976 Defensor
538 968 549 982 ,
575 946 636 976 ἃς.
655 944 800 976 Omnibus
816 946 864 977 has
884 947 990 978 Litetas
1007 947 1128 988 Visuris,

0 1038 34 1059 Μ.

101 1022 181 1055 Cum
209 1022 412 1055 Controversie
437 1021 559 1060 quedam
583 1022 616 1053 δε
642 1021 823 1053 difficultates
847 1022 989 1061 hucusque
1012 1023 1130 1055 obstite-

65 1061 136 1100 rint,
152 1064 305 1100 quominus
322 1061 511 1091 Conditiones
527 1061 560 1091 δε
578 1059 702 1090 Articuli
720 1070 809 1098 nuper
824 1061 895 1091 inter
910 1072 980 1099 nos,
995 1063 1029 1093 &
1047 1063 1129 1094 Sere-

0 1117 34 1135 m,
63 1100 210 1131 nissimum
245 1100 535 1137 Potentiffimumque
567 1101 663 1136 Regem
691 1103 855 1129 Francorum
881 1099 1127 1138 Christianifflmum

0 1453 49 1481 ix.

0 3255 4 3350 l

0 3369 4 3393 l

0 3399 5 3426 l

0 3430 6 3472 l

0 3481 6 3527 i

0 3542 2 3561 Ι

3 3616 19 4255 N

18 3398 162 3467 P.1>.C

19 3471 71 3501 ·3¹-

25 3587 40 3605 0

35 3511 60 3537 7.

47 3550 69 3569 1.

29 3617 54 3646 6.

0 1159 13 1174 ,,
60 1137 174 1169 fratrem
192 1137 320 1168 nostrum
340 1138 532 1168 charissimum
552 1137 738 1176 redintegrate
751 1139 785 1169 ὃς
802 1136 926 1168 restitute
944 1138 1128 1169 Reconcilia-

62 1176 147 1207 tionis
162 1199 173 1216 ,
200 1186 276 1214 equo
299 1177 348 1207 illo
364 1178 397 1207 δε
412 1175 491 1215 justo
511 1175 621 1214 modo,
644 1185 728 1213 atque
747 1175 840 1214 &radia
859 1176 892 1207 &
911 1176 1005 1207 debita
1022 1176 1064 1207 illa
1082 1187 1128 1208 ra-

62 1215 143 1246 tione
159 1238 169 1253 ‚
191 1225 278 1253 quam
296 1214 464 1245 arffiffimus
484 1214 622 1252 utriusque
639 1213 772 1244 nostrum
792 1212 1067 1253 Consanguinitatis,
1083 1216 1128 1246 af-

63 1252 176 1284 finitatis
192 1256 224 1284 &
243 1252 365 1284 affeetfis
380 1262 466 1284 nexus
479 1275 489 1291 ,
514 1260 597 1290 atque
617 1261 713 1282 mutua
732 1251 906 1295 Regnorum
925 1252 1127 1297 S'ubditorumw

62 1301 119 1329 que
143 1292 308 1322 nostrorum
335 1291 508 1323 consuetudo
525 1313 534 1328 ‚
560 1291 686 1321 vicinitas
700 1291 733 1320 &
753 1291 870 1333 utilitas,
888 1291 1030 1329 utriusque
1042 1294 1126 1330 Jubet

62 1332 96 1362 &
121 1331 237 1368 requirit
263 1330 403 1361 observari
427 1330 460 1360 &
484 1328 595 1366 impleri
616 1335 740 1365 poterint
755 1349 765 1365 ,
790 1329 873 1358 nobis
899 1330 945 1360 vel
964 1331 1026 1368 iplis
1044 1353 1053 1368 ,
1069 1341 1124 1362 nec

62 1368 217 1407 quidquam
233 1370 372 1406 antiquius
393 1368 425 1398 lit
439 1391 449 1406 ,
472 1377 559 1404 quam
579 1374 609 1396 ut
631 1375 666 1395 ex
684 1365 777 1395 nostra
795 1376 872 1404 parte
892 1369 983 1398 verbo
1001 1370 1034 1400 &
1054 1368 1125 1400 Pro-

62 1407 147 1438 milio
173 1407 275 1438 nostris
292 1408 391 1445 Regiis
407 1406 604 1436 satisfaciamus
617 1427 626 1440 ,
651 1413 742 1441 neque
766 1414 799 1434 ex
824 1414 901 1442 parte
918 1407 1017 1445 prefati
1037 1407 1125 1448 Regis

60 1445 292 1476 Christianiffimi
312 1444 386 1475 aliud
411 1452 497 1482 quam
521 1443 597 1473 idem
624 1443 806 1480 reciprocum
836 1445 866 1473 in
888 1454 941 1474 nos
960 1445 979 1464 ²*
1000 1445 1124 1477 studium

61 1485 96 1515 &
114 1485 210 1514 omnia
229 1484 311 1513 nobis
330 1484 528 1518 promittamus
546 1493 556 1519 ε,
583 1490 634 1511 nos
660 1481 776 1518 quidem
796 1482 985 1520 intelligentes
1004 1485 1042 1515 nil
1062 1495 1124 1516 am-

61 1523 132 1560 plius
150 1522 185 1552 ad
203 1530 280 1552 tante
299 1522 337 1551 rei
356 1520 563 1558 perfec‘tionern
581 1519 718 1562 superelie
733 1542 742 1558 ,
766 1520 814 1563 nisi
833 1529 863 1564 ut
883 1523 1012 1560 utrinque
1031 1522 1124 1554 Com-

62 1560 177 1590 miffarii
205 1562 238 1592 &
261 1558 463 1589 Procuratores
486 1557 636 1589 sufficienti
663 1558 829 1589 authoritate
855 1559 999 1599 1nsttucti5
1015 1572 1126 1594 conve—

61 1600 161 1635 niant,
185 1597 288 1628 diutius
312 1597 425 1628 differre
451 1606 512 1626 non
538 1597 712 1638 debuimus,
741 1606 832 1635 neque
851 1596 1004 1630 Voluimus
1019 1624 1028 1637 ‚
1056 1602 1125 1638 quin

61 1637 190 1668 sanctum
208 1638 240 1667 &
261 1635 445 1667 necessarium
458 1659 466 1673 ,
484 1645 556 1672 eque
576 1645 609 1665 ac
628 1634 816 1666 delideratum
835 1635 903 1666 illud
919 1638 1046 1674 perfedte
1066 1639 1127 1669 Re-

64 1675 269 1706 conciliationis
288 1685 359 1713 opus
376 1697 385 1712 ‚
405 1684 462 1705 tam
482 1675 602 1704 feliciter
621 1682 740 1711 ceptum
754 1697 763 1710 ,
791 1673 824 1704 ad
849 1683 1012 1712 exoptatum
1040 1677 1128 1708 finem

65 1716 98 1746 &
114 1712 253 1745 effectum
271 1723 441 1751 promovere
457 1735 466 1750 ,
484 1721 567 1750 atque
584 1720 711 1742 mutuam
734 1711 899 1743 Mercature
918 1716 1075 1746 exercende
1095 1718 1128 1748 &

66 1752 243 1783 restaurande
268 1753 428 1783 libertatem
444 1773 453 1788 ,
478 1752 553 1789 eque
573 1751 605 1782 ὃς
623 1751 729 1781 lincere
748 1751 898 1781 colendam
913 1774 922 1789 ,
941 1752 1078 1786 Amicitie
1095 1757 1129 1788 ὃς

64 1791 274 1823 necessitudinis
293 1790 490 1822 certitudinem
509 1790 629 1819 stabilire
645 1790 827 1820 aniteremur.

104 1830 193 1868 Igitur
211 1830 300 1860 stlatis
320 1829 398 1865 quod
416 1838 466 1858 nos
480 1851 490 1865 ,
516 1829 619 1860 Virum
646 1827 790 1858 Nobilem
819 1828 852 1859 &
872 1827 975 1859 Nobis
992 1839 1129 1868 perquam

68 1867 180 1900 fidelem
207 1869 239 1899 &
264 1868 401 1898 dileetum
419 1890 428 1905 ,
453 1866 577 1905 Ilnacum
598 1866 683 1895 Wake
702 1865 835 1904 Equitem
856 1875 984 1898 auratum
997 1892 1006 1905 ,
1025 1871 1059 1901 &
1076 1880 1131 1900 no-

69 1907 161 1938 strum
179 1906 252 1945 apud
270 1906 378 1936 dietum
398 1906 512 1936 fratrem
531 1904 661 1935 nostrum
679 1904 868 1936 chariffimum
885 1909 982 1943 Regem
999 1907 1130 1946 christia-

69 1945 200 1985 niffimum
234 1953 417 1982 morantem,
444 1943 596 1974 Oratorem
612 1966 621 1980 ‚
650 1943 810 1982 Legatum,
835 1943 872 1974 de
902 1946 980 1982 cujus
1015 1948 1131 1984 quidem

72 1984 163 2014 multa
189 1993 284 2013 rerum
312 1983 480 2021 experientia
495 2005 505 2019 ,
532 1982 676 2020 prudentia
692 2004 702 2018 ,
729 1983 830 2013 virtute
848 1982 882 2012 &
900 1982 955 2013 fide
973 1983 1132 2022 plurimum

73 2022 264 2060 confidimus,
292 2023 412 2053 fecimus
428 2044 437 2059 ‚
465 2022 662 2052 constituimus
680 2020 712 2049 &
732 2020 941 2059 deputavimus,
957 2023 991 2053 ἃ·
1008 2032 1056 2060 pet
1069 2033 1133 2061 pre-

74 2061 163 2092 sentes
179 2061 316 2099 facimus,
335 2060 534 2091 constituimus
549 2060 582 2091 &
600 2060 764 2097 deputamus
782 2058 910 2089 nostrum
926 2070 1026 2091 verum
1042 2062 1076 2093 ὃς
1091 2063 1136 2092 in-

75 2100 235 2130 dubitatum
256 2098 510 2137 Commissarium,
530 2098 707 2135 Deputaturn
725 2098 757 2128 ὃς
780 2098 1005 2129 Procuratorem.

114 2138 224 2168 Dantes
244 2137 335 2168 eidem
356 2138 389 2168 &
405 2138 618 2168 comminentes
634 2136 746 2173 plenam
765 2135 797 2167 δε
816 2138 1019 2168 omnimodam
1037 2138 1139 2170 autho-

76 2178 185 2208 ritatem
202 2177 235 2206 &
249 2175 432 2215 potestatem,
449 2177 550 2214 pariter
568 2177 599 2206 &
621 2174 788 2205 Mandatum
806 2177 931 2213 generale
949 2177 982 2208 &
997 2176 1138 2216 Speciale‚

76 2216 196 2246 nomine
215 2213 313 2245 nostro
330 2237 340 2252 ‚
368 2224 435 2245 cum
461 2214 570 2251 prefato
596 2217 667 2249 Rege
684 2212 900 2252 Christianiffi'mo
924 2215 1007 2246 fratre
1035 2215 1136 2246 nostro

84 2252 250 2284 charissimo
265 2275 274 2291 ‚
299 2252 434 2292 ipsiusque
459 2251 666 2283 Commiffanis
683 2275 692 2290 ,
719 2251 870 2288 Deputatis
889 2254 923 2284 &
942 2253 1138 2285 Procuratori-

78 2292 132 2321 bus
149 2315 158 2330 ,
183 2291 216 2321 ad
241 2291 299 2321 hoc
324 2292 511 2322 sufficientem
537 2289 711 2321 Potestatetn
736 2290 904 2321 habentibus
919 2315 927 2329 ‚
958 2293 1038 2330 super
1057 2292 1138 2324 dieto

77 2330 342 2360 Controversiarum
359 2330 546 2362 tollendarum
561 2330 594 2360 &
613 2329 737 2367 perse-&e
752 2328 1006 2361 Reconciliationis
1022 2330 1138 2362 Merca-

77 2376 198 2406 tureque
222 2368 384 2400 stabiliende
407 2369 524 2407 negotio
538 2390 548 2405 ,
569 2367 829 2406 communicandi,
852 2369 985 2400 tradi-andi
1001 2392 1011 2408 ,
1030 2379 1139 2401 conve-

79 2409 175 2436 niendi
195 2407 227 2437 ὃς
247 2407 457 2445 concludendi,
473 2415 620 2444 ceteraque
638 2407 737 2436 omnia
758 2407 791 2438 &
808 2408 912 2446 lingula
928 2409 1067 2447 faciendi,
1084 2418 1140 2448 que

78 2445 114 2475 ad
133 2446 241 2474 dictam
261 2454 359 2476 mutue
374 2445 627 2476 Reconciliationis
641 2446 674 2475 &
689 2444 869 2476 Commetcii
885 2445 1067 2477 restitutionis
1078 2457 1140 2484 per-

81 2483 238 2514 feetionem
256 2507 265 2520 ,
289 2492 372 2521 atque
394 2484 427 2514 ad
452 2483 607 2514 firmiorem
625 2482 729 2513 Pacem
747 2486 780 2514 δε
799 2485 952 2515 amicitiam
978 2486 1050 2516 inter
1069 2496 1144 2523 n08‚

82 2521 188 2552 nostras
213 2521 345 2551 Coronas
371 2522 403 2552 ὅ(
425 2522 549 2552 subditos
569 2522 734 2552 firmandam
752 2522 921 2553 conducunt
932 2546 942 2562 ,
960 2532 1045 2561 atque
1062 2525 1142 2562 super

82 2563 115 2590 iis
134 2560 276 2590 Atticulos
293 2582 303 2596 ‚
328 2559 435 2591 Literas
453 2561 486 2590 ὃς
505 2560 688 2591 instrumenta
705 2560 852 2590 necessaria
870 2584 879 2597 ,
898 2561 1071 2592 conficiendi
1081 2584 1091 2600 ‚
1109 2563 1142 2593 &

83 2600 119 2629 ab
137 2599 220 2630 altera
238 2607 314 2636 parte
329 2599 443 2636 petendi
462 2599 494 2629 δε
512 2599 682 2638 recipiendi,
704 2598 838 2637 Denique
850 2600 948 2631 omnia
965 2609 1019 2638 que
1032 2601 1068 2631 ad
1080 2610 1145 2638 pre-

85 2637 166 2668 miffa
181 2638 225 2668 vel
247 2638 321 2667 circa
338 2637 437 2667 eadem
458 2646 540 2667 erunt
560 2637 710 2668 necessaria
728 2637 761 2667 &
777 2647 937 2676 opportuna
953 2639 1126 2682 expediendi.

121 2675 322 2707 Promittentes
342 2677 418 2706 bona
434 2675 490 2705 fide
508 2676 541 2707 &
559 2676 588 2705 in
608 2677 697 2707 verbo
715 2675 833 2713 Regio,
853 2686 907 2706 nos
921 2678 1020 2707 omnia
1039 2678 1072 2708 &
1094 2681 1147 2708 lin-

85 2715 149 2755 gula
164 2738 174 2752 ,
200 2725 255 2753 que
281 2713 354 2745 inter
386 2714 495 2744 didtum
526 2714 640 2745 fratrem
666 2714 796 2744 nostrum
825 2713 1032 2746 Charisfimum
1053 2718 1148 2753 Regem

86 2753 347 2793 christianifflmum,
364 2752 476 2791 ejusque
496 2752 715 2788 Procuratores,
736 2752 895 2790 Deputatos
912 2762 958 2784 aut
975 2753 1150 2784 Commissa-

86 2793 144 2823 rios
159 2788 245 2829 atque
264 2793 490 2828 prenominatum
510 2791 646 2829 Equitem
664 2790 788 2830 Isaatum
812 2791 917 2833 Wake,
936 2792 1065 2822 nostrum
1079 2793 1154 2823 Pro-

88 2839 250 2861 curatorem
271 2830 304 2859 &
322 2828 463 2868 Legatum
481 2829 510 2858 in
529 2829 665 2866 premiffis
682 2831 727 2860 seu
746 2830 943 2867 premissorum
958 2831 1054 2869 aliquo
1072 2839 1154 2862 erunt

86 2869 174 2906 sach,
191 2868 272 2906 paeta
290 2868 324 2899 &
342 2866 474 2898 conclusa
487 2889 497 2904 ,
514 2876 588 2904 rata,
606 2877 684 2906 grata
703 2868 736 2898 ὃς
755 2867 835 2898 firma
859 2868 1027 2907 habituros;
1052 2870 1154 2908 specia-

89 2908 141 2938 lius
165 2907 331 2938 mandatum
359 2905 388 2942 (fi
415 2915 486 2944 opus
512 2904 606 2940 fuerit)
634 2906 770 2944 daturos,
795 2907 828 2937 &
852 2916 953 2937 omnes
970 2908 1116 2946 defet‘ius,
1133 2909 1153 2939 si

89 2946 234 2984 quippiam
258 2945 288 2974 in
312 2943 388 2974 hisce
408 2943 509 2974 Literis
533 2943 730 2982 reperiantur,
753 2944 948 2982 iuppleturos,
975 2954 1060 2983 atque
1079 2956 1153 2977 nun-

91 2993 179 3023 quam
205 2991 304 3013 contra
330 2983 453 3019 ipsorum
479 2982 582 3019 aliquid
603 2982 648 3011 vel
665 2982 754 3019 aliqua
771 2990 1007 3013 contraventuros
1023 3007 1032 3022 ,
1058 2985 1153 3015 immo

91 3021 229 3060 quicquid
245 3021 364 3050 nomine
378 3020 478 3051 nostro
496 3019 669 3058 promissum
695 3020 780 3052 fuerit
806 3021 1004 3052 inviolabiliter
1022 3022 1152 3054 observa-

94 3069 172 3092 turos
190 3061 224 3091 &
239 3058 379 3090 observari
397 3058 531 3090 facturos.

130 3135 167 3168 In
185 3136 265 3176 cujus
282 3136 324 3167 rei
339 3134 556 3167 Testimonium
574 3135 622 3167 has
642 3134 748 3168 Literas
765 3137 840 3175 fieri,
857 3145 941 3175 atque
959 3147 1044 3170 manu
1061 3138 1155 3171 nostra

131 3217 198 3224 Ρ-

99 3265 138 3298 A
157 3263 271 3310 special
292 3264 412 3296 Licence
432 3271 461 3295 to
478 3259 623 3296 Thomas
649 3260 786 3297 Buckell
802 3273 832 3296 to
847 3267 896 3312 us?
911 3265 961 3300 the
977 3264 1077 3300 Trade
1090 3266 1128 3312 of
1136 3277 1157 3299 a

126 3315 247 3359 Draper
270 3321 302 3344 at
327 3309 538 3358 Cambridge.
559 3308 823 3358 notwithstanding
836 3314 885 3347 the
900 3318 1039 3353 Statum,
1064 3318 1128 3354 &a

169 3399 202 3428 H
206 3400 241 3428 A
247 3397 345 3427 RLE
351 3399 387 3435 S,
405 3395 443 3436 by
460 3395 508 3427 the
521 3393 617 3438 Gracc
632 3395 669 3426 of
682 3396 772 3435 God,
787 3399 863 3435 King
881 3399 918 3439 of
928 3400 1074 3439 England,
1084 3403 1158 3432 Scot-

185 3436 271 3474 land,
287 3440 389 3466 France
402 3435 465 3465 and
480 3436 608 3473 Ireland,
625 3434 772 3465 Defendet
789 3436 825 3466 of
841 3438 890 3468 the
910 3439 932 3469 F
934 3440 1010 3477 aith,
1029 3440 1093 3470 &c.

136 3475 189 3506 To
208 3476 243 3506 all
258 3483 288 3505 to
307 3474 411 3505 whom
427 3473 501 3504 these
518 3473 644 3504 Presents
663 3473 730 3504 shall
747 3483 847 3512 come,
865 3476 1014 3517 Greeting.
1160 3512 1162 3514 ,

140 3514 283 3544 Whereas
306 3512 344 3551 by
369 3522 384 3542 a
410 3510 518 3542 Statute
544 3513 626 3543 made
643 3520 672 3542 at
688 3512 870 3552 W'estminsler
884 3516 931 3547 the
948 3515 1010 3547 fifth
1028 3525 1112 3555 yeare
1128 3515 1165 3546 of

103 3552 153 3584 the
170 3552 282 3592 Reigne
297 3552 334 3582 of
348 3551 396 3581 the
414 3549 467 3581 late
484 3550 606 3588 Qieene
624 3549 796 3588 Elizabeth,
811 3553 834 3582 it
852 3562 908 3584 was
926 3555 1056 3593 amongst
1074 3555 1157 3585 other

104 3589 199 3631 things
225 3589 362 3622 ordeined
389 3589 445 3620 and
464 3588 582 3619 enaded
596 3611 603 3622 ‚
629 3588 688 3620 that
705 3591 727 3620 it
746 3589 846 3621 ihould
862 3601 914 3623 not
934 3593 971 3624 be
989 3593 1093 3624 lawfull
1111 3592 1158 3623 for

101 3628 364 3699 ssikgz‘ffissfa?
366 3625 757 3697 efisinsst'at3{¹e¹⁶‘dii¹²3ses⁰8?
764 3637 884 3698 έκέῗςῖἲὲ
893 3631 954 3709 ‘3123
960 3640 1047 3702 tffi‘}
1058 3631 1159 3699 ‘'it‘ii's?

101 3706 171 3736 terie
185 3677 368 3737 orgManuall
385 3689 571 3743 Occupatiori
586 3727 596 3742 ,
622 3711 654 3735 to
671 3704 719 3734 sett
735 3714 791 3748 up,
806 3708 929 3745 occupie
939 3702 1013 3745 ,use
1029 3693 1064 3738 of
1081 3717 1159 3738 exer-

106 3743 161 3776 cise
182 3753 235 3783 any
253 3743 370 3781 Crafte,
389 3742 539 3781 Misterie,
556 3752 590 3773 or
603 3741 787 3779 Occupauon
804 3743 872 3775 then
888 3746 952 3777 used
965 3756 999 3776 or
1018 3746 1159 3785 occupied

106 3781 217 3814 within>
228 3781 275 3812 the
293 3781 416 3813 Reaime
434 3782 470 3813 of
484 3779 617 3820 England
629 3789 662 3810 or
680 3780 787 3819 Wales‚
805 3791 906 3821 except
923 3785 974 3816 hee
991 3784 1091 3816 should
1110 3785 1160 3816 ha-

105 3830 143 3852 ve
160 3821 234 3850 been
249 3819 376 3859 brought
390 3829 449 3860 upp
467 3821 573 3852 therein
591 3820 686 3850 seaven
701 3829 805 3862 yeares·
821 3829 849 3852 at
865 3822 915 3852 the
932 3822 999 3854 least
1011 3846 1021 3861 ,
1046 3833 1073 3854 as
1098 3823 1160 3861 Ap-

107 3859 234 3897 prentice
252 3858 282 3886 in
300 3858 392 3890 forme
410 3861 441 3890 in
458 3860 506 3890 the
523 3858 578 3890 said
596 3857 703 3889 Statute
719 3859 904 3897 mentioned,
920 3870 972 3891 nor
990 3870 1021 3892 to
1039 3862 1089 3892 sett
1105 3871 1160 3900 any

108 3897 210 3937 person
234 3905 274 3925 on
296 3896 378 3927 work
400 3898 430 3928 in
455 3898 523 3929 such
550 3896 676 3927 Misterie
689 3918 700 3933 ,
719 3896 787 3926 Arte
803 3907 838 3927 or
856 3897 942 3929 Occu
963 3901 1056 3938 arion,
1075 3901 1163 3937 being

112 3945 165 3966 not
189 3946 205 3966 a
222 3934 407 3965 Workernan
432 3945 459 3967 at
479 3934 530 3968 the
549 3945 629 3976 ryme
647 3934 680 3965 of
697 3932 744 3964 the
763 3936 895 3979 makeing
913 3947 932 3966 o
964 3938 1012 3968 the
1030 3939 1085 3969 said
1103 3938 1164 3968 Sta-

112 3974 188 4010 tute‘‚
206 3980 304 4010 except
319 3972 355 4002 he
374 3971 474 4004 should
491 3975 565 4005 have
582 3975 660 4012 bynn
678 3973 850 4013 Apprentrce
866 3983 894 4004 as
911 3975 1062 4014 aforesaid,
1077 3986 1111 4006 or
1126 3977 1165 4006 el-

112 4015 159 4049 se,
174 4012 295 4050 haveing
311 4009 407 4040 served
424 4021 452 4042 as
466 4012 640 4050 Apprentice
653 4035 663 4051 ‚
683 4011 782 4043 should
800 4013 925 4043 become
940 4023 955 4042 a
970 4013 1164 4053 Journeyrnan

116 4060 149 4084 or
172 4049 251 4080 hired
269 4051 306 4086 by
323 4048 372 4078 the
389 4058 469 4088 yeare
484 4073 496 4090 ,
512 4060 592 4092 upon
608 4053 677 4091 pain
693 4051 752 4084 that
770 4051 863 4084 everie
879 4053 978 4091 person
991 4052 1098 4090 doeing
1117 4053 1165 4083 the

144 4092 222 4120 Teme
238 4090 325 4119 VIII.
343 4088 377 4118 P.
393 4089 454 4120 ΙΙΙ.
1093 4099 1166 4129 conf

1179 138 1660 214 etin-Lici.
2151 183 2226 235 ‘193

1200 252 1243 280 Et
1263 251 1420 298 finaletnent
1439 262 1504 286 nour
1527 257 1639 288 voulons
1659 270 1708 299 que
1726 266 1795 291 cette
1809 254 1972 303 ‘Commifflon
1984 254 2103 293 demeare
2120 266 2152 294 en
2167 266 2214 293 vi-
2232 258 2364 295 AnnD

0 308 20 330 ι,
57 295 126 326 {hali
147 303 287 326 continue
310 296 339 325 in
359 295 457 332 force,
477 291 732 331 notwithstanding
755 293 802 324 the
826 290 901 322 same
924 292 961 322 be
975 298 1028 322 not
1040 291 1121 323 from
1155 300 1240 326 gueur
1254 311 1267 335 ,Ι
1294 292 1452 330 quoiqu’elle
1486 306 1519 325 ne
1538 296 1592 334 [bit
1620 301 1698 335 point
1719 300 1853 330 continufe
1872 301 1904 331 de
1924 309 1990 331 tems
2015 313 2048 333 en
2072 309 2139 333 tems
2154 311 2210 341 par
2257 301 2344 341 163'10

1 357 8 365 .
60 343 138 374 tyme
152 342 183 364 to
196 342 276 373 tyme
289 332 443 364 continued
459 332 497 371 by
512 330 738 369 adjournement.

0 384 20 402 l.

1158 331 1276 357 Renvot.

1195 405 1242 433 En
1247 402 1293 443 foi
1306 404 1338 435 de
1352 408 1430 446 quoi,
1447 406 1508 442 &c.

1155 482 1315 556 Juiliienfflm
1344 481 1531 513 mus—mima·
1556 484 1576 514 ἃ
1605 485 1807 522 Westminstet
1829 490 1854 520 le
1874 494 1956 530 vingt
1978 492 2016 527 ὠ·
2036 491 2158 531 septieme
2182 485 2215 523 di

1655 592 1710 632 Per
1725 601 1812 634 Breve
1824 604 1859 635 de
1873 604 1988 637 Privato
2003 606 2109 646 Sigillo.

1139 673 2171 691 ..ᾖ-’Ἣ

1161 719 1276 760 fignatas
1291 744 1301 760 ‚
1326 721 1441 762 Magno
1463 721 1560 762 Regni
1584 722 1673 754 nostri
1698 724 1803 763 Anglie
1832 725 1930 765 sigillo
1955 732 2125 761 communiri
2147 724 2218 769 fecie,

1161 767 1234 790 mus.

1198 835 1287 866 Datas
1309 836 1339 866 in
1365 836 1456 876 Regia
1481 837 1575 868 nostra
1600 837 1672 870 Aula
1689 841 1835 871 Grenovici
1852 842 1986 873 vicesimo
2004 854 2082 876 nono
2097 845 2142 876 die
2159 845 2219 883 Jan·

1161 877 1228 911 nii,
1254 875 1344 905 Anno
1370 874 1478 906 Christi
1508 877 1659 909 millesimo
1692 878 1897 910 sexcentesimo
1926 881 2064 914 tricesimo
2095 885 2190 923 primo
2208 905 2219 922 2

1163 911 1261 953 Regni
1280 923 1348 945 veto
1366 913 1454 945 nostri
1468 915 1596 953 septimo.

1490 994 1545 1023 Per
1559 991 1642 1032 ipsum
1655 995 1750 1032 Regem
1756 997 1869 1034 propria
1885 994 1973 1025 manu¹
1972 996 2119 1035 signatum.

1165 1115 1267 1147 Litere
1289 1118 1461 1149 continentes
1483 1114 1694 1162 promiffionem
1718 1122 1803 1166 Regis
1828 1116 1870 1153 ad
1884 1119 2067 1154 tradendum
2087 1122 2223 1166 Castrum

1212 1165 1249 1200 ὠ·
1279 1161 1507 1199 Habitationem
1534 1164 1571 1200 de
1600 1165 1692 1202 Kebec
1715 1171 1746 1202 in
1767 1167 1892 1202 Canada
1912 1169 1956 1202 ad
1970 1172 2078 1217 Regem
2096 1173 2228 1216 francof

1210 1221 1294 1244 rum.

1165 1295 1264 1358 CA
1272 1299 1295 1325 R
1305 1299 1441 1335 OLUS,
1460 1298 1518 1330 Dei
1531 1300 1614 1337 gratia
1627 1325 1637 1338 ,
1657 1303 1761 1340 Magne
1776 1305 1925 1342 Britanie,
1944 1305 2059 1335 Francie
2075 1304 2112 1341 ὠ·
2126 1305 2228 1337 Hiber-

1166 1371 1175 1402 l
1242 1338 1287 1365 nie
1306 1335 1371 1367 Rex
1386 1360 1396 1376 ,
1421 1336 1486 1368 fidei
1513 1339 1655 1370 Defensor
1673 1363 1682 1378 ,
1699 1341 1760 1376 &c.
1780 1342 1926 1372 Omnibus
1942 1342 2023 1374 hasce
2043 1345 2155 1383 visuris,
2173 1345 2225 1376 Sa-

1178 1381 1266 1404 utem.

1203 1412 1453 1458 Quandoquidem
1478 1417 1601 1447 omnino
1621 1416 1730 1455 justum
1745 1442 1754 1456 ‚
1778 1422 1885 1456 equum
1909 1419 1942 1451 &
1960 1420 2144 1453 neceflar'ium
2156 1421 2230 1460 judi—

1166 1459 1268 1480 camus
1283 1473 1293 1488 ,
1321 1460 1351 1481 ut
1374 1462 1432 1490 jam
1459 1454 1572 1485 tandem
1593 1455 1651 1486 Pax
1668 1457 1700 1488 ὃ(
1719 1458 1876 1488 concordia
1889 1481 1899 1496 ‚
1924 1469 2015 1497 nuper
2035 1462 2106 1491 inter
2126 1470 2180 1491 nos
2196 1462 2230 1492 &

1164 1491 1260 1533 Regetn
1286 1489 1532 1529 Christianifflmum
1550 1493 1664 1524 fratrem
1684 1495 1814 1526 nostrum
1834 1497 2028 1528 charissimum
2044 1522 2053 1537 ,
2082 1499 2232 1538 conclusa,

1163 1528 1325 1572 pristmum.
1340 1530 1470 1567 vigorem
1496 1532 1530 1563 ὃς
1557 1530 1694 1563 effeeium
1724 1542 1914 1573 recuperent,
1941 1542 2024 1574 atque
2046 1537 2113 1569 ideo
2130 1548 2233 1570 omnes

1163 1564 1342 1608 Differencoe
1361 1571 1394 1598 &
1416 1568 1624 1608 Difficultates‚
1641 1581 1695 1609 que
1712 1572 1848 1603 hactenus
1865 1573 1932 1604 hinc
1948 1574 2013 1605 inde
2029 1576 2232 1608 interciderunt

1164 1611 1235 1634 inter
1254 1604 1346 1648 nostra
1367 1605 1469 1646 Regna
1488 1608 1521 1639 &
1539 1608 1674 1640 Subditos
1687 1633 1697 1649 ‚
1723 1621 1826 1643 mutuo
1854 1613 2036 1651 redintegrata
2056 1615 2088 1645 &
2109 1616 2234 1654 perfecta

1166 1640 1417 1689 Reconctliatione
1445 1647 1586 1685 utriusque
1611 1657 1811 1680 removeantur
1829 1651 1862 1682 &
1878 1651 2063 1690 abolescant;
2091 1652 2124 1684 In
2144 1664 2232 1691 quern

1167 1678 1255 1710 finem
1281 1691 1354 1719 nos,
1381 1692 1454 1714 inter
1482 1685 1544 1715 alias
1570 1686 1750 1719 conditiones
1774 1698 1808 1718 ex
1838 1689 1934 1719 nostra
1961 1699 2036 1726 parte.
2053 1692 2209 1729 prestandas
2224 1715 2236 1732 ,

1167 1718 1357 1761 consensimus
1380 1721 1600 1755 Restitutionem
1619 1724 1710 1756 facere
1730 1726 1867 1757 Fortilicii
1883 1727 1928 1758 seu
1946 1727 2039 1760 Castri
2059 1731 2091 1760 &
2111 1730 2234 1762 Habita-

1168 1758 1253 1799 tionis
1279 1759 1307 1787 in
1332 1759 1421 1790 Kebec
1446 1762 1476 1792 in
1503 1763 1617 1791 Canada
1631 1784 1642 1800 ‚
1666 1773 1722 1801 que
1747 1764 1791 1796 die
1810 1765 1928 1796 decimo
1948 1776 2028 1797 nono
2044 1767 2122 1805 Julii
2141 1769 2231 1801 Anno

1168 1794 1326 1827 Millesinio
1346 1797 1550 1830 sexcentelimo
1569 1800 1706 1832 vicesimo
1724 1812 1824 1840 nono,
1843 1813 1947 1842 nempe
1966 1805 2030 1843 post
2050 1807 2158 1839 Pacem
2172 1808 2233 1846 jam

1168 1841 1253 1877 ante,
1273 1836 1366 1866 mense
1384 1838 1494 1877 Aprilis
1519 1838 1696 1876 precedentis
1724 1842 1910 1879 publicatam,
1939 1843 1972 1873 &
1996 1844 2111 1882 quidem
2132 1848 2236 1877 vivore

1169 1871 1344 1910 Diplomatis
1360 1875 1405 1906 seu
1426 1875 1663 1915 Commiffionis,
1677 1878 1731 1909 sub
1748 1889 1854 1918 magno
1870 1881 1973 1918 Anglie
1991 1882 2090 1921 Sigillo
2107 1907 2116 1923 ‚
2143 1871 2235 1923 (ffello

1171 1910 1267 1942 adhuc
1287 1912 1429 1952 flagrante)
1449 1916 1600 1954 concesse,
1619 1925 1698 1954 capta
1712 1918 1746 1948 &
1759 1927 1897 1956 occupata
1916 1921 2046 1958 fuerunt;
2065 1922 2148 1960 Nos,
2167 1933 2235 1962 pro-

1173 1949 1321 1994 missorum
1340 1975 1349 1990 ,
1373 1962 1459 1991 atque
1482 1954 1563 1985 verbi
1585 1959 1598 1972 '⁵
1618 1955 1707 1985 nostri
1728 1956 1813 1993 Regii
1832 1957 1935 1996 fidem,
1957 1959 2172 1999 quibuscunque
2190 1971 2233 1991 re-

1172 1987 1310 2021 fraCtoriis
1329 1992 1482 2022 rationibus
1501 1994 1535 2025 &
1551 1993 1763 2031 objefflonibus
1780 1995 1834 2026 hac
1851 1996 1932 2034 super
1951 2007 1979 2027 te
1997 1998 2077 2028 illatis
2094 2008 2142 2030 aut
2160 1999 2234 2030 infe-

1173 2027 1289 2072 rendis,
1312 2029 1494 2062 anteferentes
1519 2031 1596 2062 hisce
1622 2031 1724 2062 Literis
1748 2034 1891 2064 afferimus
1915 2036 1948 2066 &
1974 2036 2003 2066 in
2030 2038 2120 2068 verbo
2141 2037 2235 2077 Regio

1173 2068 1383 2106 promittimus,
1400 2079 1454 2100 nos
1471 2078 1652 2107 precepturos
1665 2093 1674 2108 ‚
1700 2080 1845 2102 curaturos
1859 2073 1893 2103 &
1912 2074 2083 2113 effeeturos,
2103 2084 2132 2107 ut
2149 2087 2164 2107 a
2183 2087 2239 2108 no-

1175 2103 1235 2135 stris
1253 2106 1281 2135 in
1299 2106 1380 2137 dieto
1393 2107 1540 2140 Fortilicio
1554 2110 1609 2140 five
1625 2108 1728 2140 Castro
1745 2110 1779 2140 ὃς
1797 2111 1973 2142 habitatione
1990 2113 2078 2143 Kebet
2093 2114 2241 2147 subsisten*

1176 2143 1252 2173 tibus
1267 2144 1396 2183 subditis,
1415 2146 1473 2177 sive
1492 2147 1598 2178 Milites
1617 2147 1789 2186 Prefidiarii,
1809 2149 1866 2179 five
1885 2149 1996 2181 Coloni
2015 2152 2048 2182 &
2068 2152 2167 2183 Incole
2186 2155 2240 2185 ibi-

1177 2182 1248 2212 dem
1267 2192 1433 2223 morentur,
1451 2193 1498 2216 aut
1516 2186 1662 2224 habitent,
1682 2196 1766 2224 quam
1785 2189 1909 2226 prImum
1929 2190 2026 2220 nostre
2040 2190 2176 2228 Juffionis
2191 2193 2241 2223 Li··=

1178 2229 1256 2259 tere,
1283 2231 1297 2251 a
1314 2222 1462 2260 Deputatis
1481 2225 1527 2255 vel
1546 2223 1770 2263 Commiffariis,
1789 2227 1838 2264 qui
1855 2227 1963 2258 easdem
1979 2238 1994 2258 a
2014 2230 2120 2265 prefato
2138 2230 2239 2262 nostro

1177 2259 1262 2290 fratte
1281 2260 1444 2292 chariffimo
1468 2266 1536 2300 Rege
1555 2262 1772 2303 christianissimo
1795 2275 1831 2295 eo
1845 2266 1994 2297 amanandi
2013 2267 2174 2307 habebunt,
2192 2270 2240 2301 of-

1176 2298 1292 2329 ferende
1317 2300 1379 2336 iplis
1401 2309 1481 2331 erunt
1505 2301 1629 2333 exhibite
1654 2303 1687 2332 ὃς
1705 2303 1824 2339 ρεῖΙΕξῖε
1837 2326 1847 2341 ,
1869 2312 1954 2343 atque
1972 2302 2106 2337 redeundi
2125 2306 2242 2339 facultas

1177 2336 1259 2375 data,
1274 2337 1385 2369 dietum
1404 2338 1537 2370 Castrum
1557 2341 1602 2371 seu
1623 2340 1799 2371 Fortilicium
1820 2344 1854 2373 δε
1871 2343 2011 2374 habitatio
2031 2346 2059 2374 in
2078 2346 2186 2385 Kebet‚
2205 2348 2241 2378 &

1176 2376 1292 2414 quidem
1307 2377 1336 2406 in
1354 2377 1459 2408 eodem
1477 2377 1549 2410 statu
1568 2388 1627 2416 quo
1646 2380 1798 2410 exciterunt
1813 2403 1823 2419 ,
1839 2390 1907 2411 cum
1926 2383 2024 2413 eidem
2043 2382 2157 2415 fuerunt
2173 2395 2242 2423 cap-

1177 2422 1205 2445 ta
1224 2416 1257 2446 &
1274 2424 1427 2454 occupata,
1446 2425 1530 2455 atque
1549 2427 1616 2448 cum
1634 2419 1768 2448 omnibus
1793 2426 1854 2449 tum
1875 2422 2051 2458 temporibus
2069 2423 2175 2453 ibidem
2196 2425 2242 2455 in-*

1179 2453 1272 2484 ventis
1291 2453 1405 2492 Armis,
1425 2455 1610 2493 Tormentis,
1631 2455 1780 2487 Mercibus
1800 2459 1833 2489 &
1854 2457 2032 2490 Utensilibus
2056 2461 2112 2490 sine
2130 2461 2183 2492 ulla
2195 2471 2244 2492 ex-

1179 2493 1328 2529 ceptione,
1346 2494 1379 2524 &
1398 2492 1454 2523 sine
1471 2494 1527 2525 ulla
1544 2493 1742 2525 Demolitione
1760 2504 1806 2526 aut
1824 2496 2017 2529 destructione
2036 2498 2243 2530 Munimento-

1180 2539 1245 2560 rum
1272 2538 1319 2559 aut
1344 2530 1531 2562 Edificiorum
1558 2533 1637 2563 dicto
1656 2534 1851 2571 occupationis
1869 2544 2004 2573 tempore
2018 2559 2028 2574 ,
2046 2538 2084 2566 ibi
2101 2538 2246 2570 existenti-

1181 2569 1250 2606 bus,
1272 2568 1384 2606 Insuper
1397 2571 1482 2601 etiam
1495 2571 1514 2601 si
1534 2571 1601 2609 quid
1620 2571 1688 2601 inde
1705 2572 1787 2603 suerit
1800 2573 1924 2604 ablatum
1937 2582 1983 2605 aut
1999 2575 2151 2614 aveifflm,
2168 2577 2246 2611 idem

1182 2607 1239 2637 sive
1258 2606 1286 2636 in
1305 2607 1398 2644 specie
1417 2608 1472 2640 five
1490 2609 1602 2646 valore,
1630 2609 1765 2648 Denique
1781 2612 1880 2641 omnia
1899 2613 1932 2643 &
1950 2620 2122 2651 quecunque
2138 2615 2247 2646 ibidem

1184 2646 1299 2676 inventa
1323 2645 1406 2677 fuiffe
1419 2670 1429 2685 ‚
1452 2649 1571 2678 docebit
1590 2647 1726 2679 Schedula
1741 2672 1750 2688 ‚
1777 2658 1812 2679 ex
1832 2649 1968 2680 Testibus
1986 2651 2172 2684 Sacramento
2190 2654 2247 2684 obe

1186 2683 1287 2714 strietis
1311 2693 1427 2722 excepta
1442 2708 1452 2723 ,
1469 2685 1503 2716 ὃς
1524 2694 1627 2717 mutuo
1644 2696 1745 2718 eorum
1764 2687 1897 2717 consensu
1918 2689 2036 2720 collee‘oe
2047 2714 2054 2726 ,
2071 2699 2156 2727 penes
2174 2702 2247 2730 quos

1186 2722 1347 2761 utriusque,
1360 2723 1440 2754 dieto
1461 2724 1545 2755 Loco
1565 2726 1598 2756 &
1618 2733 1750 2762 ternpore
1767 2726 1854 2756 Kebec
1871 2729 2005 2764 occupati
2020 2738 2112 2758 rerum
2129 2730 2180 2760 fuit
2197 2740 2247 2760 au·-

1188 2761 1304 2830 gioritas
1321 2783 1330 2799 ,
1352 2762 1427 2794 bona
1453 2762 1509 2793 fide
1533 2763 1566 2795 ὃς
1585 2762 1688 2794 sincere
1702 2786 1713 2802 ,
1729 2764 1879 2797 reddantur
1895 2788 1905 2804 ,
1922 2764 2099 2798 restituantur
2118 2768 2151 2798 &
2169 2769 2249 2798 retria

1213 2806 1320 2831 uantur.

1227 2873 1260 2907 In
1280 2876 1360 2915 cujus
1376 2876 1641 2910 reiTestimonium
1657 2878 1741 2910 hasce
1760 2878 1866 2911 Literas
1884 2886 1969 2912 manu
1989 2880 2099 2918 nostra,
2118 2878 2151 2912 ὃ(
2168 2885 2247 2922 mage

1190 2924 1231 2946 no
1246 2915 1341 2954 Regni
1354 2916 1440 2947 nostri
1456 2917 1561 2955 Anglie
1574 2917 1676 2955 Sigillo
1695 2918 1800 2955 fignare
1821 2921 1853 2951 &
1872 2919 2035 2951 confirmari
2053 2920 2208 2952 voluimus.

1227 2992 1296 3028 Que
1312 2991 1448 3023 dabantur
1465 3003 1499 3024 ex
1517 2992 1625 3024 Palatio
1642 2993 1740 3024 nostro
1759 2996 1907 3025 Grenovici
1922 3019 1932 3034 ‚
1948 2996 1994 3026 die
2013 2991 2149 3027 vicefimo
2169 3005 2249 3027 nono

1188 3029 1286 3069 Junii,
1304 3030 1392 3060 Anno
1409 3031 1509 3062 Salutis
1526 3032 1602 3069 supra
1619 3030 1804 3064 Millesimum
1823 3033 2053 3065 sexcentelimum
2072 3054 2081 3074 ‚-
2107 3035 2250 3066 tricelimo

1190 3070 1301 3108 primo,
1320 3070 1353 3101 ὃς
1369 3068 1468 3110 Regni
1484 3070 1575 3101 nostri
1591 3071 1719 3108 septimo.

1517 3146 1571 3177 Per
1579 3145 1662 3187 ijvficm
1675 3150 1770 3187 Regem
1777 3151 1890 3188 propria
1906 3159 1990 3180 manu
2001 3148 2145 3188 fignatum.

1195 3270 1351 3318 Privilege
1373 3267 1507 3304 accord&
1528 3271 1545 3305 ὲ
1560 3269 1691 3305 Thomas
1709 3269 1820 3316 314ch
1826 3297 1836 3312 ,
1859 3284 1942 3320 pour
1959 3284 2082 3308 exercet
2099 3271 2126 3306 le
2143 3272 2251 3309 me‘tier

1449 3318 1488 3353 de
1509 3321 1640 3367 Drapier
1657 3322 1673 3355 a
1695 3321 1905 3369 Cambridge,
1933 3326 1997 3356 &c-

1268 3403 1298 3434 H
1309 3403 1438 3434 ARLE
1448 3403 1467 3435 S
1482 3427 1491 3443 ,
1511 3411 1564 3444 par
1581 3402 1609 3435 la
1632 3407 1718 3436 Grace
1735 3405 1767 3436 de
1783 3409 1870 3442 Dieu,
1890 3409 1941 3436 Roi
1952 3401 2163 3446 d’Angieterre‚
2181 3402 2250 3441 d‘E's

1273 3443 1351 3474 colse
1362 3465 1372 3480 ‚
1386 3442 1418 3472 de
1432 3443 1538 3474 France
1550 3441 1587 3478 &
1603 3444 1756 3483 d’Irlande,
1779 3444 1869 3483 Defen
1885 3455 1930 3473 eur
1939 3445 1971 3473 de
1987 3445 2015 3473 la
2030 3448 2077 3475 Foi
2086 3464 2096 3484 ,-
2114 3444 2174 3480 &c³

1234 3484 1269 3509 A
1282 3489 1340 3510 tous
1352 3491 1417 3510 ceux
1432 3481 1450 3510 a*
1483 3486 1511 3512 ui
1522 3482 1560 3511 les
1580 3482 1720 3522 Prefintes
1727 3486 1847 3521 parvien
1868 3490 1929 3512 ront
1939 3505 1948 3519 ,
1960 3483 2048 3513 Salut.
2092 3518 2095 3519 7

1202 3554 1206 3555 ⁷
1236 3519 1376 3549 D'autant
1398 3521 1453 3559 qu'i
1489 3532 1507 3550 a
1528 3522 1576 3550 e‘te‘
1591 3521 1665 3558 regle'
1675 3521 1712 3556 ῤ’
1733 3521 1817 3550 έιαὸίὶ
1830 3528 1904 3549 entre
1919 3529 2012 3551 autres
2025 3522 2130 3561 choses,
2144 3530 2198 3562 par
2211 3529 2250 3554 uri

1197 3557 1352 3594 nglement
1364 3557 1420 3595 fait
1432 3559 1451 3588 a*
1467 3558 1667 3589 westminster
1682 3569 1715 3589 en
1734 3559 1763 3588 la
1780 3562 1923 3599 cinquieme
1942 3561 2028 3589 anne‘e
2049 3562 2084 3589 du
2105 3564 2193 3597 Regne
2216 3562 2248 3592 de

1196 3594 1255 3633 feue
1270 3596 1298 3626 la
1313 3600 1396 3627 Reine
1416 3596 1561 3628 Elizabeth
1575 3619 1584 3635 ‚
1604 3597 1672 3639 qu'il
1689 3609 1721 3627 ne
1727 3600 1811 3636 feroit
1822 3601 1919 3635 permis
1931 3598 1949 3627 ἃ
1963 3598 2092 3638 perfimne
2108 3600 2250 3630 d’exercer

1196 3645 1300 3665 aucune
1311 3633 1467 3674 profeffi'on,
1484 3638 1578 3665 metier
1599 3647 1630 3665 ou
1647 3643 1696 3665 art
1715 3636 1867 3675 me‘canique
1885 3636 1954 3665 dans
1969 3636 1992 3665 le
2007 3640 2140 3676 Royaume
2153 3638 2248 3668 d'Ant-

1196 3673 1313 3709 gleterre
1328 3672 1365 3707 ὠ·
1382 3685 1418 3703 au
1433 3675 1504 3714 Pays
1517 3674 1549 3703 de
1564 3674 1676 3711 Galles,
1690 3673 1769 3714 finon
1791 3685 1848 3703 aux
1885 3685 1912 3703 er
1927 3683 2007 3704 onnes
2032 3679 2078 3716 qui
2091 3679 2193 3706 e'toient
2212 3686 2248 3707 en

1196 3714 1274 3742 train
1287 3711 1318 3741 de
1339 3711 1363 3741 le
1383 3711 1455 3750 faire
1476 3713 1515 3742 lor
1528 3723 1578 3752 que
1597 3720 1637 3742 cet
1653 3714 1726 3741 Acie
1736 3710 1787 3750 fut
1799 3683 1888 3751 paffle,
1905 3725 1924 3743 a
1938 3717 2020 3742 moins
2035 3713 2114 3754 qu'ilr
2130 3715 2174 3752 n’y
2188 3726 2247 3745 eus-⁴

1191 3749 1255 3787 sent
1268 3750 1314 3780 e‘te‘
1325 3750 1413 3780 eleves
1424 3747 1462 3785 ὠ·
1476 3762 1511 3792 qu
1520 3751 1554 3781 ils
1568 3750 1695 3789 n'euffi’nt
1708 3748 1771 3790 fait
1785 3749 1842 3779 leur
1855 3751 2038 3790 apprentifizge
2046 3752 2246 3820 fettdantsept

1198 3799 1250 3818 ans
1258 3796 1324 3826 pour
1339 3788 1363 3818 Ie
1376 3793 1477 3826 moins,
1494 3789 1560 3829 ainfi
1582 3789 1651 3830 qu’il
1662 3799 1695 3819 en
1715 3788 1750 3827 est
1754 3787 1817 3827 fait
1831 3794 1949 3819 mention
1963 3791 2032 3819 dans
2059 3791 2113 3820 edlt
2128 3796 2246 3832 statut}

1199 3829 1231 3856 ni
1251 3829 1284 3857 de
1297 3827 1398 3857 donner
1417 3828 1450 3856 de
1472 3827 1608 3864 l’ouvrage
1622 3827 1640 3858 ἃ
1657 3838 1757 3857 aucune
1766 3825 1894 3865 perfimne
1906 3831 1952 3869 qui
1966 3827 2063 3858 n'e‘toit
2073 3836 2122 3865 pas
2133 3835 2247 3861 ou‘ttrit’t⁵

1199 3865 1271 3894 alors
1284 3866 1352 3895 dam
1368 3877 1394 3894 ce
1408 3867 1516 3902 me'tier‚
1529 3874 1577 3895 art
1590 3875 1621 3895 ou
1635 3869 1766 3896 vacatiori
1775 3888 1783 3902 ,
1792 3865 1812 3896 ιὶ
1828 3869 1914 3895 moins
1920 3866 2050 3907 qu’ayant
2066 3869 2246 3909 e‘le'Apprem

1198 3901 1253 3941 tif,
1271 3903 1296 3933 il
1305 3902 1394 3941 neftit
1405 3903 1511 3933 devenu
1526 3907 1586 3934 Com
1602 3915 1691 3940 agnon
1706 3915 1737 3932 ou
1751 3904 1826 3933 n’ezkt
1840 3905 1994 3942 e‘tffengage'
2003 3916 2036 3935 ou
2052 3905 2108 3936 Ioue
2118 3914 2174 3947 par
2189 3914 2246 3946 an‚‘-

1193 3940 1257 3981 sous
1273 3946 1350 3982 peine
1371 3953 1420 3981 que
1435 3949 1510 3971 toute
1520 3914 1766 3980 perltsstnefaifiznt
1782 3941 1806 3971 le
1821 3947 1956 3973 cotttraire
1970 3948 2058 3973 aurait
2073 3945 2090 3974 d
2100 3952 2184 3985 payer
2196 3955 2247 3977 ane

1200 3981 1311 4011 amende
1325 3981 1358 4009 de
1371 3988 1502 4018 quarante
1517 3981 1625 4010 chelins
1639 3988 1705 4018 poter
1722 3979 1823 4020 chaque
1840 3986 1922 4019 mois,
1940 3982 2008 4022 ainfi
2029 3992 2078 4023 que
2094 3984 2148 4015 tela·
2156 3988 2251 4025 paror}

1199 4019 1257 4058 plus
1272 4019 1428 4059 amplement
1443 4026 1494 4057 par
1507 4017 1574 4050 ledit
1586 4021 1682 4054 Statue
1698 4028 1729 4048 ou
1744 4020 1818 4048 Αίέε
1831 4020 1862 4050 de
1878 4020 2041 4053 Parlement.

1706 4092 1755 4124 Be

1687 4211 1702 4220 ι

2224 4095 2265 4128 ῗι

2232 343 2284 368 An.
2304 352 2330 377 7.

2232 383 2297 409 Car.
2319 390 2342 408 12
2354 382 2365 417 1

2250 1307 2325 1341 Ann.
2338 1304 2381 1341 D⁴

2273 1349 2324 1388 ¹⁶3
2332 1356 2358 1378 1.

2289 1392 2343 1415 Rot.

2252 1427 2368 1454 Tra-Hah

2252 1472 2321 1503 penes

2255 1503 2370 1531 Prothon:

2253 1553 2289 1572 m.
2313 1550 2355 1576 ¹9¹*

2274 1960 2293 1982 *ε
2303 1955 2388 1994 xiiii

2255 2011 2320 2040 304.
