2536 4255
26 639 85 664 Car.
109 645 117 661 1
127 657 132 662 .

0 454 6 480 1

0 505 5 520 i

0 528 9 744 Ι
46 558 128 597 1633.

31 601 116 630 Pat.9.

0 746 1 750 ,
20 711 83 749 ‹dors-

1 2519 15 2536 ⁸*
23 2520 93 2547 XIX
100 2543 106 2548 .

25 2566 92 2594 524-

0 489 2 501 1
20 514 102 553 ’,Αηῐμ
113 517 155 550 D.

6 698 9 701 .
29 675 107 702 ο.6.ιι.
125 683 151 700 i.

731 193 843 234 ET
918 191 1189 234 ACTA

30 302 154 340 ‹AnnD-
175 326 628 332 ..Ἀ-Ἠ-

28 346 132 419 Αξόἒῧ
173 373 222 405 De
240 369 439 417 Commiffione
457 375 582 420 speciali
600 374 744 408 Waltero
765 376 870 408 Stuart
886 375 1015 414 Militi,
1040 378 1076 413 (ᾗ

20 428 120 463 cam.
286 426 523 457 Examinatione
531 421 687 467 fraudum
707 426 737 455 in
757 423 880 468 Pristma
906 422 942 455 de
958 424 984 456 le
1003 423 1100 457 Fleet.

257 548 372 583 migero
384 569 392 583 ‚

1097 376 1166 407 aliis
1178 382 1234 421 pro
1268 391 1368 424 homin

237 507 321 546 EX,
343 509 405 539 &c.
424 507 544 538 Dilccii's
557 508 591 539 &
612 507 756 538 Fidelibus
775 507 874 539 nostris
889 508 1012 539 Waltero
1028 512 1144 547 Stuart,
1172 509 1230 540 Ar-

1267 177 1755 250 rusticis.

2287 233 2339 271 59

1270 286 1319 314 (ἕω
1340 278 1414 311 Tres
1436 284 1481 314 vel
1502 287 1592 324 plures
1612 291 1737 323 vestrum
1760 297 1932 332 providerint
1952 323 1961 337 ,
1995 301 2028 332 &
2057 303 2095 334 eis
2119 302 2264 341 separatim
2288 315 2322 336 ex
2350 292 2422 322 A'm·
2436 291 2477 323 D·

1267 324 1345 353 parte
1365 319 1454 362 vestra
1477 323 1539 355 sciri
1554 328 1695 372 feceritis,
1710 334 1806 364 venire
1821 335 1926 368 faciant
1944 348 2042 370 coram
2059 342 2142 373 vobis
2157 343 2201 373 vel
2220 345 2318 383 aliqui-

1269 354 1320 384 bus
1341 355 1451 388 Tribus
1466 362 1509 390 vel
1527 365 1650 410 pluribus
1667 368 1798 401 Vestrum
1812 395 1821 409 ,
1842 383 1886 405 tot
1905 377 1937 406 ὃς
1959 378 2024 408 tales
2042 381 2146 416 probos
2168 382 2199 411 δί
2215 382 2240 411 le
2252 383 2317 412 ³³11&

1370 404 1398 424 es
1417 396 1452 426 de
1478 398 1586 433 Ballivis
1613 407 1663 435 suis
1682 415 1740 437 tam
1761 410 1830 440 infra
1853 413 2006 445 Libertates
2026 427 2111 455 quam
2139 429 2215 450 extra
2234 405 2259 457 ,η
2268 430 2318 458 per

1268 441 1340 471 quos
1356 432 1415 463 Rei
1430 434 1536 468 Veritas
1554 441 1582 470 in
1605 445 1744 480 premiffis
1762 450 1861 481 melius
1874 451 1935 483 sciri
1951 457 2055 491 poterit
2073 457 2105 486 &
2124 459 2237 497 inquiri.

1304 507 1338 539 ln
1359 512 1439 550 cujus
1455 513 1510 552 rei,
1525 515 1587 546 &c.

2363 332 2447 370 1633.

2338 373 2391 396 Aa.
2412 379 2441 404 9.

2338 411 2438 437 Caini,
2481 446 2483 449 ι

206 585 358 628 Willielmo
374 583 487 622 Balfore
504 606 514 622 ,
550 583 659 623 Militi,
690 585 789 616 Turris
803 584 900 616 nostre
922 586 1038 616 London
1071 586 1231 618 Locumte-
1282 585 1393 631 “Teste
1414 588 1499 631 Rege
1512 592 1586 630 apud
1602 591 2023 641 Wstmonasterium,vicefimo
2038 608 2161 641 secundo
2174 610 2220 642 die
2234 614 2319 642 Mar-

168 631 246 653 nenti

203 646 370 690 Aleandro
384 663 474 690 Hume
483 684 492 699 ,
507 660 618 700 Militi,

201 698 339 743 Francisco
363 698 466 739 Ashley
482 721 491 738 ,
508 700 613 738 Militi,
650 701 832 732 servientium
858 699 1022 731 nostrorum
1051 700 1085 731 ad
1114 700 1225 740 Legem

167 747 215 768 uni
231 760 241 775 ‚

202 774 334 813 Johanni
353 777 479 815 Bancks,
498 776 609 816 Militi,
624 777 715 808 Caroli
734 777 785 808 filii
807 777 896 809 nostri
916 777 1103 816 primogeniti
1131 776 1226 808 Ducis
1279 791 1373 795 -b

165 814 314 852 cornubie,
330 815 503 854 Attoriiato,

196 852 294 882 Thome
309 856 380 890 Rae,
395 853 504 892 Militi,
518 854 552 884 &

197 891 332 921 Nicholao
351 895 478 930 Raynton
495 915 504 928 ‚
531 891 642 930 Militi,
661 893 710 923 uni
731 892 993 924 Aldermannorum
1013 891 1146 924 Civitatis
1166 901 1220 922 no-

163 927 218 959 stre
232 930 349 959 London
358 952 368 968 ,
384 941 417 961 ac
435 931 544 961 dilectis
560 931 629 968 fibi,

199 970 242 998 W
242 967 351 998 illielmo
368 968 545 1008 Elphinston,

191 1006 325 1046 Johanni
346 1008 469 1044 Parker,
486 1008 520 1038 &

190 1046 326 1075 Nlcholao
348 1047 420 1085 Pay,
445 1046 617 1086 Armigeris,
634 1047 768 1078 Salutem.

194 1084 274 1122 Qiia
294 1084 390 1114 datum
406 1085 448 1115 est
461 1086 545 1116 nobis
559 1087 681 1123 intelligi
695 1086 773 1125 quod
788 1086 947 1117 Gardianus
964 1086 1009 1116 vel
1029 1085 1134 1117 Custos
1154 1084 1213 1115 Pri-

154 1121 221 1153 sone
244 1122 337 1152 nostre
357 1122 392 1152 de
409 1123 434 1154 le
454 1124 614 1162 Fleet,ejus
631 1125 790 1162 Deputatus
806 1135 839 1155 ac
859 1126 944 1155 ceteri
965 1124 1127 1162 Officiarii,
1143 1123 1211 1154 Cle-

151 1161 203 1191 rici
223 1161 256 1192 &
277 1159 401 1191 Ministri
415 1162 449 1192 ad
469 1162 598 1201 Negotia
614 1164 648 1194 &
666 1164 785 1194 Servitia
794 1163 936 1194 Officium
953 1163 1020 1193 illud
1039 1163 1212 1192 incumben-

150 1200 189 1230 tia
211 1200 219 1235 (
230 1209 283 1237 pro
307 1200 408 1239 quibus
423 1201 500 1231 idern
520 1202 679 1232 Gardianus
701 1202 868 1238 respondere
890 1202 1019 1236 tenetur)
1046 1200 1152 1231 assidue
1170 1208 1212 1230 at-

151 1238 314 1277 tendentes,
334 1249 418 1276 quam
437 1239 556 1277 plurima
571 1241 666 1279 gravia
679 1240 811 1272 Crimina
825 1241 858 1270 &
873 1239 977 1270 delicta
998 1240 1080 1269 nobis
1099 1239 1131 1269 &
1151 1238 1213 1268 Po-

150 1277 221 1314 pulo
235 1277 330 1307 nostro
348 1278 534 1315 prejudicialia
557 1280 586 1308 in
602 1277 747 1309 Exercitio
767 1278 871 1308 Officii
890 1277 1008 1314 predicti
1033 1286 1134 1307 contra
1157 1277 1214 1308 Le—

149 1315 331 1353 ge3‚Statut2
344 1318 376 1346 &
395 1316 583 1348 inhibitiones
603 1316 700 1354 Regni
721 1316 808 1346 nostri
827 1315 931 1351 Anglie
946 1317 1127 1353 perpetrarint
1139 1315 1210 1352 ,sic-

149 1363 181 1384 ut
206 1354 241 1384 de
271 1354 393 1391 Escapiis
411 1356 443 1385 δε
461 1355 645 1384 Eva1ionibus
669 1355 839 1385 diversarum
862 1354 1041 1391 personarum
1063 1353 1112 1384 sub
1136 1353 1206 1384 salva

150 1391 277 1422 custodia
297 1393 404 1423 ibidem
425 1393 609 1424 custodienda
626 1392 843 1422 commissarum
868 1401 944 1422 exrra
965 1392 1108 1422 Pril‘onam
1125 1392 1161 1422 de
1185 1393 1211 1422 le

150 1430 227 1459 Fleet
251 1432 346 1468 factis,
360 1440 422 1461 tam
437 1441 471 1460 ex
490 1429 681 1468 negligentia,
698 1430 861 1469 improvida
876 1430 1006 1461 custodia
1019 1453 1027 1468 ,
1055 1440 1141 1469 quam
1157 1439 1211 1461 vo—

152 1468 271 1499 luntarie
287 1468 427 1507 permiffis
439 1469 485 1498 seu
507 1469 724 1507 quomodolibet
746 1470 957 1506 accidentibus,
978 1479 1011 1499 ac
1031 1468 1066 1499 de
1085 1470 1211 1500 nonnul-

150 1507 185 1536 lis
218 1508 434 1537 Exi-tortionibus
452 1529 461 1545 ,
494 1506 728 1545 Oppreffionibus
754 1508 909 1545 &iniquis
936 1507 1139 1537 ExaffliOiiibus
1161 1517 1210 1547 pet

148 1546 265 1576 eosdem
290 1544 448 1583 Custuues,
466 1544 627 1582 Deputatos
648 1547 680 1577 ὃς
699 1544 847 1576 Ministros
868 1546 930 1576 suos
949 1547 1069 1577 antehac
1089 1547 1210 1584 permis-

150 1584 184 1614 sis
206 1585 239 1615 δε
254 1585 424 1622 perpetratis.

187 1622 274 1660 Nos,
291 1623 326 1653 de
349 1622 516 1653 certitudine
537 1622 733 1660 premissorum
754 1624 902 1654 informari
922 1624 1070 1661 Volentes,
1099 1631 1130 1654 ut
1151 1623 1211 1654 Re-

151 1662 281 1692 medium
301 1662 387 1700 magis
405 1670 566 1700 congruum
582 1663 714 1693 exhibere
735 1663 872 1693 valeamus
885 1685 894 1700 ,

187 1699 287 1730 Sciatis
301 1700 382 1738 quod
399 1700 436 1729 de
452 1701 655 1738 circumspecta
681 1701 813 1733 fidelitate
836 1702 868 1731 &
885 1699 1018 1730 industria
1035 1699 1131 1731 vestris
1151 1701 1210 1738 ple-

151 1739 217 1770 nius
231 1738 417 1776 confidentes,
428 1738 638 1777 Affignavimus
653 1750 704 1770 vos
719 1739 781 1770 fore
797 1739 1069 1770 Commilsionarios
1090 1739 1209 1778 nostros,

149 1789 185 1808 ac
204 1787 302 1807 tenore
329 1777 501 1814 presentium
530 1778 629 1808 damus
653 1779 735 1808 vobis
763 1778 806 1809 vel
828 1779 918 1808 tribus
941 1779 985 1807 vel
1013 1777 1136 1815 pluribus
1158 1788 1209 1808 ve-

148 1816 257 1854 strum,
271 1815 444 1846 Potestatem
464 1818 496 1847 δε
518 1816 727 1847 Autlioritatem
749 1817 784 1847 ad
799 1816 1000 1856 inquirendum
1017 1818 1076 1846 tarn
1096 1826 1145 1856 per
1159 1816 1209 1846 Sa-

149 1863 331 1885 cramentum
379 1855 515 1884 roborum
543 1856 576 1886 &
603 1854 733 1894 legalium
760 1855 925 1885 Hominum
957 1855 1090 1884 Civitatis
1119 1854 1212 1885 nostre

148 1893 277 1930 London,
297 1893 330 1923 &
379 1894 513 1923 omitatus
532 1892 620 1923 nostri
641 1893 733 1923 Midd'
748 1917 757 1932 ‚
782 1894 871 1933 quam
895 1903 943 1930 pei·
962 1892 1208 1924 Examinationem

145 1941 386 1971 quorumcunque
401 1930 536 1962 Testium
556 1930 611 1963 fide
629 1932 803 1972 dignorum,
822 1941 892 1970 quos
910 1931 1096 1962 Neceisarios
1117 1931 1207 1963 duxe-

147 1971 207 2001 ritis
222 1972 402 2007 evocandos,
421 1971 454 2001 &
474 1971 504 2000 in
524 1970 659 2008 premiffis
682 1971 885 2001 examinandos
899 1993 908 2008 ,
934 1969 1012 2007 super
1030 1969 1210 2002 Sacramenta

148 2009 194 2039 sua
207 2032 216 2047 ,
243 2019 276 2039 ac
295 2009 352 2039 aliis
373 2010 423 2038 viis
442 2010 475 2040 &
496 2009 588 2043 modis
606 2010 708 2048 quibus
729 2010 826 2040 melius
850 2008 983 2039 sciveritis
1004 2018 1050 2039 aut
1068 2009 1210 2048 poteritis,

145 2058 200 2085 que
219 2048 252 2079 ὃς
271 2047 364 2086 quales
383 2046 499 2086 Escapie
518 2047 551 2078 &
577 2047 725 2079 Evasiones
753 2057 827 2078 eXtra
848 2047 957 2077 dinisam
981 2046 1129 2077 Prisonam
1151 2057 1206 2077 no-

145 2087 234 2117 stram
256 2086 291 2117 de
307 2087 334 2117 le
352 2086 445 2123 Fleet,
462 2096 478 2116 a
496 2094 624 2124 tempore
642 2097 701 2126 quo
721 2087 876 2117 modernus
901 2085 1062 2116 Gardianus
1088 2085 1207 2117 Prisone

144 2126 217 2156 illius
239 2125 286 2155 vel
303 2125 361 2162 ejus
380 2124 539 2162 Deputatus
556 2125 713 2156 modernus
744 2126 774 2155 in
800 2125 935 2156 exercitio
964 2123 1067 2155 Officii
1092 2125 1164 2155 illius
1181 2125 1208 2156 se

143 2163 364 2202 intromiserim,
383 2163 615 2202 acciderint3vel
633 2164 821 2195 fraudulenter
840 2163 886 2194 vel
906 2172 942 2195 ex
960 2162 1146 2202 Neglioentia
1160 2163 1206 2194 seu

145 2203 304 2234 voluntarie
323 2225 333 2240 ,
365 2202 461 2232 habite
488 2202 533 2233 vel
551 2203 682 2240 permilse
701 2201 829 2234 fuerint?
855 2212 905 2243 per
924 2203 1001 2240 cujus
1018 2187 1070 2233 νεῖ
1083 2212 1209 2241 quorum

145 2241 296 2271 Assensum
311 2263 320 2278 ,
340 2240 500 2271 Consilium
515 2264 525 2279 ,
545 2242 710 2280 Auxilium,
729 2241 870 2273 Favorem
889 2242 935 2272 vel
956 2241 1208 2280 procurationem,

145 2279 325 2317 Defecftum,
343 2279 487 2317 Culpam,
510 2279 555 2310 vel
573 2279 813 2319 Negligentiain;
837 2279 898 2319 Qi
918 2281 951 2311 &
970 2281 1062 2317 quales
1079 2280 1139 2311 sunt
1158 2282 1207 2318 qui

146 2319 186 2348 fic
204 2319 355 2355 evaserint,
374 2319 408 2349 &
428 2318 507 2356 cujus
526 2317 686 2358 Nominis,
705 2319 878 2358 Dignitatis‚
901 2318 1015 2349 Gradus
1033 2319 1077 2348 vel
1096 2318 1208 2349 Condi-

145 2357 246 2394 tionis3
264 2356 302 2387 Et
324 2357 386 2394 quis
405 2358 450 2386 vel
467 2357 515 2394 qui
529 2366 578 2386 eos
593 2358 626 2388 ad
639 2358 752 2394 largum
766 2359 805 2388 ire
818 2358 1021 2395 permiserunt?
1039 2357 1075 2388 Et
1093 2367 1207 2397 propter

145 2405 202 2434 que
215 2397 247 2426 ὃ(
269 2395 357 2433 quilia
373 2393 515 2433 Munera,
529 2395 641 2426 Premia
655 2396 700 2427 vel
725 2395 917 2427 Pecuniarum
941 2398 1062 2426 summas
1079 2419 1087 2432 ,
1115 2396 1208 2434 hujus-

143 2434 225 2465 modi
239 2433 366 2472 Escapias
383 2434 428 2464 vel
448 2433 599 2464 Evafiones
613 2445 688 2466 exrra
711 2434 857 2465 Prisonam
882 2435 1040 2472 predio-am
1062 2433 1121 2464 fieri
1143 2445 1207 2473 per-

144 2474 295 2510 miserunt,
312 2472 357 2502 Ad
374 2473 454 2510 cujus
469 2473 515 2502 vel
538 2483 661 2510 quorum
685 2473 800 2503 Senam
816 2495 825 2510 ,
849 2474 1023 2512 Querelam,
1041 2472 1205 2503 instantiam

143 2511 187 2542 vel
207 2511 461 2549 prosecutioiien13
479 2511 523 2540 Ac
544 2521 593 2555 per
617 2522 671 2549 que
687 2513 720 2542 ὃς
737 2512 826 2549 qualia
843 2511 956 2550 Brevia,
975 2511 1107 2542 Mandata
1123 2512 1142 2531 ²*
1163 2512 1209 2543 vel

143 2550 296 2580 Warranta
311 2549 474 2586 hujusmodi
489 2549 637 2580 Prilonarii
654 2552 682 2580 in
708 2549 884 2581 Executione
899 2551 945 2581 vel
961 2551 1037 2580 aliter
1053 2550 1101 2579 sub
1118 2560 1207 2580 onere

145 2590 178 2621 δί
194 2588 320 2619 custodia
339 2587 409 2617 dieti
429 2587 565 2618 Gardiani
582 2589 628 2618 vel
644 2588 782 2626 Deputati
796 2590 836 2619 sui
850 2589 968 2628 prediCti
984 2588 1130 2619 commisfi
1147 2588 1208 2619 fue-

143 2628 200 2658 rint
215 2628 248 2658 &
266 2627 294 2656 in
308 2625 422 2656 Prisona
436 2626 560 2662 predicta
580 2637 724 2658 remanere
738 2626 895 2657 debuerunt
920 2628 965 2658 vel
984 2627 1089 2657 debent
1112 2638 1121 2665 3
1160 2627 1207 2658 Ac

144 2666 230 2696 etiarn
249 2664 284 2695 ad
301 2664 501 2702 inquirendum
521 2666 574 2695 viis
605 2667 638 2697 &
664 2665 755 2695 modis
780 2665 915 2703 predistis
932 2688 942 2704 ,
973 2665 1008 2696 de
1029 2666 1208 2696 omnimodis

145 2704 380 2740 Extortionibus‚
395 2702 646 2741 Oppreffionibus‚
670 2703 916 2742 Deceptionibus‚
942 2703 1208 2735 Machinationibus

144 2743 179 2773 &
202 2742 359 2773 Fraudibus
374 2751 422 2778 per
440 2741 535 2772 diCtos
550 2741 729 2772 Gardianum
746 2745 778 2773 ὃς
796 2742 972 2780 Deputatum
983 2765 992 2781 ‚
1008 2743 1054 2773 vel
1078 2752 1125 2780 per
1147 2743 1206 2772 Of-

145 2780 266 2810 ficiarios
288 2802 298 2817 ,
328 2779 458 2809 Clericos
476 2780 509 2810 δε
533 2779 683 2810 Ministros
699 2781 760 2810 suos
781 2781 939 2811 commissis
960 2781 1004 2811 vel
1029 2783 1205 2819 perpetratis,

144 2818 287 2857 exigendo
307 2817 495 2859 &capiendo
511 2818 615 2855 aliquas
636 2818 832 2849 Denariorun!
847 2819 977 2850 Summas
999 2821 1117 2849 nomine
1132 2820 1206 2850 Feo-

143 2857 246 2887 dorum
272 2865 327 2893 que
346 2864 375 2884 in
397 2853 519 2891 aliquem
541 2855 731 2887 Prisonarium
753 2857 788 2887 ad
812 2857 966 2888 Introitum
981 2857 1076 2895 suum,
1091 2858 1136 2888 vel
1152 2859 1208 2889 du-

143 2904 223 2926 rante
245 2893 474 2924 Incarceratione
496 2891 560 2930 sua,
582 2893 626 2923 vel
643 2894 673 2922 in
686 2895 795 2924 recessu
818 2896 869 2925 suo
885 2896 988 2926 abinde
1010 2896 1140 2933 imposite
1161 2896 1207 2927 vel

141 2933 245 2972 injuste
267 2941 379 2962 onerate
398 2931 518 2968 fuerint,
537 2939 583 2961 aut
602 2939 727 2967 pretexm
747 2931 951 2964 Arrentationis
973 2934 1205 2973 Cubiculorum,

145 2973 334 3004 camerarum
357 2978 403 2999 aut
421 2970 542 2999 aliorum
567 2969 824 3008 Receptaculorum
846 2971 879 3001 ὃς
908 2971 1064 3002 Domuum
1091 2973 1204 3002 Prisone

143 3012 233 3048 illius,
247 3009 291 3040 vel
309 3019 360 3046 pro
378 3006 531 3038 Esculento
548 3007 593 3037 vel
609 3007 767 3038 Poculento
781 3010 810 3038 in
832 3009 928 3038 eadem
944 3010 1046 3039 habito
1060 3011 1093 3040 &
1111 3011 1202 3047 faeio,

142 3058 190 3082 aut
214 3049 311 3080 colore
329 3047 483 3076 exhibendi
500 3046 676 3077 Libertatem
701 3045 859 3076 Prisonariis
882 3047 918 3078 ad
935 3047 999 3078 loca
1029 3049 1143 3084 publica
1169 3051 1203 3080 &

143 3090 250 3127 aptiora
270 3085 381 3116 ibidem
402 3085 581 3122 accedendi,
602 3093 649 3115 aut
668 3095 722 3122 pro
744 3085 788 3115 vel
806 3086 836 3115 in
857 3087 982 3123 respectu
1006 3086 1120 3123 alicujus
1139 3087 1206 3117 alius

146 3127 314 3163 Libertatis,
336 3123 535 3160 Indulgentie,
558 3123 727 3154 Easiamenti
747 3123 793 3153 vel
813 3123 929 3155 Favoris
946 3125 1020 3154 clam
1042 3126 1086 3155 vel
1109 3127 1204 3163 aperte

140 3167 172 3198 in
193 3165 300 3202 aliquos
321 3162 464 3192 dictorum
485 3160 706 3193 Prisonariorum
734 3162 829 3192 collati
848 3185 858 3200 ‚
883 3172 916 3193 ac
945 3163 982 3194 de
1005 3163 1203 3202 Nominibus,

142 3205 287 3235 Gradibus
309 3203 342 3233 ὃ(
366 3200 558 3238 Qalitatibus
577 3210 688 3242 eorum.
728 3201 773 3230 Ac
795 3210 851 3238 que
874 3203 908 3233 &
931 3201 1023 3239 quales
1045 3203 1077 3233 &
1102 3211 1204 3242 quante

142 3243 336 3273 Denariorum
359 3238 478 3269 Summe
503 3237 666 3269 Occallone
688 3239 895 3269 Premissbrurn
919 3241 964 3271 vel
992 3251 1092 3271 eorum
1112 3242 1201 3272 alicu-

138 3282 185 3319 jus
207 3281 274 3310 ultra
298 3278 400 3314 Vadia,
418 3276 527 3313 Feoda,
543 3276 690 3315 Regarda,
706 3276 853 3315 Proficua,
868 3278 1042 3317 Advantagia
1058 3280 1090 3309 ὃ(
1107 3279 1207 3310 (ἔστη-ὃ

144 3319 292 3350 moditates
319 3316 433 3346 Officio
452 3314 583 3355 predicto
600 3316 637 3345 ab
662 3317 778 3354 antiquo
801 3315 897 3347 debite
921 3318 955 3348 &
978 3318 1114 3348 consuete
1144 3319 1206 3356 spe-

1263 630 1305 654 tit.

1940 722 1993 751 Per
2006 723 2088 761 ipfhm
2105 727 2209 763 Regem.

1295 838 1344 870 De
1364 839 1552 880 Restitutione
1575 846 1798 893 Temporalium
1823 861 1876 896 pro
1907 851 2090 900 Augustino
2122 858 2278 902 Liudsell‚

1609 898 1745 943 Episc‘opo
1768 897 1939 933 Hereford.

1257 969 1313 1025 R
1325 971 1350 1003 E
1361 972 1394 1005 X
1417 974 1560 1008 Escaerori
1581 979 1630 1022 suo
1642 982 1671 1010 in
1691 980 1841 1014 Comitatu
1857 983 2051 1024 Hereford,&
2065 990 2202 1023 Marchiis
2230 993 2309 1023 Wal-

1334 1012 1368 1041 lie
1375 1035 1384 1051 ‚
1404 1014 1539 1046 Salutem.

1293 1048 1420 1097 Vacante
1441 1064 1530 1098 nuper
1551 1055 1629 1102 Sede
1645 1057 1804 1098 Episcopali
1827 1061 1969 1101 Her-ejord
1987 1073 2034 1100 per
2060 1075 2181 1098 mortui:-
2198 1079 2306 1101 natura-

1249 1087 1305 1117 lem
1329 1090 1422 1133 ultimi
1440 1092 1572 1132 Epiicopl
1590 1097 1716 1136 ibidem,
1732 1102 1857 1130 Decanus
1872 1101 1916 1136 ⁷&
1942 1102 2092 1140 Capitulum
2109 1105 2228 1139 Eccleiie
2251 1109 2308 1140 Ca-

1251 1125 1380 1158 thedriiis
1400 1131 1540 1177 Hereford
1559 1136 1704 1178 predicte,
1727 1138 1852 1169 Licentia
1868 1141 1961 1170 nostra
1984 1142 2067 1177 petita
2091 1147 2190 1180 pariter
2207 1150 2237 1178 ἃ
2255 1149 2309 1177 ob-

1251 1172 1345 1203 tenta,
1368 1166 1520 1211 Dilectum
1543 1171 1640 1203 Nobis
1668 1176 1698 1204 in
1719 1176 1837 1208 Christo
1861 1179 2042 1218 Augustinum
2064 1183 2204 1221 Lmdsell,
2225 1187 2308 1216 Sucre

1253 1201 1422 1272 '‘{lrisglogie
1445 1207 1654 1250 Profefforem,
1668 1214 1697 1244 in
1718 1224 1818 1246 eorum
1839 1216 2016 1255 Episcopum
2042 1219 2074 1250 &
2094 1219 2238 1253 Pastorem
2253 1224 2307 1255 ele-

1253 1264 1272 1279 „
1357 1267 1362 1272 .

1291 1279 1348 1311 Cui
1366 1283 1482 1328 quidem
1501 1286 1686 1334 eleetionit&
1706 1292 1824 1331 persone
1840 1294 1877 1325 fic
1895 1294 2003 1333 electe,
2019 1294 2143 1335 Regium
2160 1299 2309 1332 Affensum

1251 1318 1380 1363 nostrum
1398 1323 1578 1370 adhibuimus
1594 1331 1739 1371 pariter&
1759 1331 1886 1362 favorem
1897 1334 2050 1371 ,lpliulque
2066 1336 2226 1367 fideliorem
2242 1340 2309 1369 No-

1251 1356 1294 1386 bis
1311 1358 1438 1403 debitam
1460 1371 1513 1399 pro
1527 1364 1608 1395 dieto
1630 1365 1799 1410 Epilcopatu
1814 1373 1972 1408 recepimus
1993 1373 2025 1402 ἃ
2042 1374 2226 1412 Temporalia
2240 1378 2308 1415 ejus-

1250 1394 1318 1437 dem
1334 1397 1532 1443 Episcopatus,
1545 1412 1670 1446 exceptis
1687 1409 1821 1439 omnibus
1841 1408 2120 1451 Maneriisfferris,
2137 1414 2306 1446 Tenemen-

1248 1440 1280 1462 tis
1298 1435 1331 1465 ὃς
1351 1436 1590 1489 Hereditamentis
1613 1453 1679 1474 cum
1699 1445 1878 1478 Pertinentiis
1900 1450 2028 1486 predicto
2053 1451 2233 1490 Epil'copzitui
2257 1455 2311 1485 du-

1250 1472 1319 1502 dum
1335 1474 1526 1517 „spectantibus
1540 1481 1573 1511 &
1592 1484 1811 1526 pertinentibus,
1829 1488 1924 1517 modo
1943 1489 1971 1517 in
1993 1498 2087 1519 manus
2105 1492 2209 1522 nostras
2224 1494 2309 1533 vigo-

1248 1520 1276 1554 re
1294 1513 1438 1549 cujusdam
1457 1517 1552 1562 ¹Adius
1572 1519 1753 1553 Parliamenti
1779 1526 1866 1554 Anno
1883 1525 1981 1563 Regni
1997 1529 2204 1564 poectmiffime
2221 1531 2309 1562 Soro-

1247 1559 1290 1594 ris·
1301 1551 1397 1595 nostre
1412 1553 1579 1598 Elreabethe
1593 1568 1676 1602 pauper
1692 1561 1795 1597 Angli»
1817 1562 1930 1601 Regine
1951 1565 2085 1596 defunete
2103 1569 2216 1607 primo,
2237 1571 2306 1601 inde

1246 1589 1314 1620 editi
1333 1592 1376 1634 &.
1390 1593 1490 1628 provrfi
1514 1595 1611 1626 electis
1627 1599 1660 1628 ὃς
1683 1601 1771 1636 captis
1803 1602 1841 1638 (li
1864 1612 1917 1640 que
1941 1604 2100 1639 hujusmodi
2127 1606 2196 1643 lint)
2222 1618 2255 1638 ac
2274 1611 2302 1639 in

1245 1629 1399 1698 {cnglatrip
1417 1631 1516 1662 nostro
1531 1634 1568 1664 de
1589 1635 1729 1668 Recordo
1751 1642 1962 1672 remanentibus
1980 1642 1999 1661 '²¹⁶
2019 1644 2045 1673 ei
2064 1644 2235 1676 restituimus
2256 1657 2305 1686 per

1362 1678 1378 1698 e
1393 1692 1399 1698 .

1284 1704 1322 1735 Et
1338 1706 1403 1737 ideo
1418 1709 1468 1753 tibi
1484 1712 1653 1754 precipimus
1671 1715 1748 1753 quod
1765 1717 1874 1755 prefato
1894 1718 1997 1749 Εἲεέὶο
2025 1719 2209 1758 Temporalia
2237 1722 2308 1761 Epi·

1245 1744 1373 1788 scopatus
1389 1747 1509 1783 predicti
1530 1761 1596 1794 curn
1614 1753 1794 1784 Pertinentiis
1814 1757 1843 1786 in
1867 1756 1968 1788 Balliva
1989 1767 2035 1788 tua
2051 1762 2059 1791 (
2070 1763 2191 1797 exceptis
2208 1772 2305 1798 preex-

1245 1783 1351 1826 ceptis)
1369 1793 1422 1813 una
1437 1794 1504 1828 curn
1520 1790 1642 1820 esitibus
1663 1793 1696 1822 &
1712 1792 1846 1831 proficuis
1863 1796 1945 1833 inde,
1960 1807 1975 1826 a
1990 1798 2088 1834 quinto
2108 1799 2152 1829 die
2169 1802 2304 1839 Οέῗοὸνὶς,

1245 1822 1351 1851 ultimo
1365 1831 1495 1869 preterito
1516 1826 1659 1871 hucusque
1679 1833 1873 1867 provenientia
1898 1834 1953 1864 sive
1977 1836 2127 1867 crescentia
2150 1860 2160 1875 ,
2198 1839 2302 1878 absque

1245 1868 1384 1897 computo
1398 1869 1443 1891 aut
1457 1863 1552 1901 aliquo
1575 1865 1631 1896 alio
1654 1869 1772 1904 proinde
1788 1870 1887 1900 Nobis
1906 1882 2022 1912 quoquo
2037 1875 2123 1905 modo
2139 1877 2303 1915 reddendo,

1242 1897 1379 1968 {peip-endo
1403 1899 1449 1930 vel
1464 1902 1598 1933 faciendo
1614 1905 1671 1936 fine
1684 1907 1821 1938 dilatione
1845 1909 1943 1941 liberes
1968 1934 1978 1949 ,
2010 1912 2085 1944 salvo
2103 1914 2165 1951 jure
2189 1916 2304 1954 cujussi-

1283 2013 1373 2046 Teste
1390 2014 1476 2054 Rege
1493 2018 1567 2057 apud
1587 2021 1865 2065 Wstmonasterium,
1881 2025 1988 2058 secuno
2003 2027 2049 2059 die
2066 2029 2186 2067 Aprilis.

1643 2101 1696 2129 Per
1714 2103 1807 2132 Breve
1827 2103 1859 2132 de
1877 2105 1998 2134 Privato
2016 2104 2123 2144 Sigillo,
2143 2105 2204 2141 &a

1284 2166 1452 2212 Consimilia
1467 2172 1569 2218 'Brevia
1592 2174 1750 2215 diriguntur
1767 2179 1964 2212 Escaetoribus
1984 2181 2140 2220 subscriptis
2158 2184 2188 2214 in
2205 2183 2310 2216 Comi-

1245 2208 1349 2239 tatibus
1370 2208 1529 2250 subscriptis
1541 2212 1593 2243 sub
1609 2214 1671 2246 data
1686 2218 1812 2254 predidia
1822 2220 1993 2259 ,videlicet‚

1281 2285 1423 2324 Efiaetori
1433 2289 1486 2327 fito
1503 2292 1532 2319 in
1551 2294 1689 2322 Comitatu
1708 2294 1865 2334 Glaucestrie
1882 2294 1919 2331 &
1938 2297 2072 2328 Marchiis
2089 2299 2199 2330 Wallie.

1247 2326 1392 2392 tefflajori
1409 2330 1543 2379 Civitatis
1556 2330 1644 2368 nostre
1656 2332 1796 2371 Herefhrd
1802 2357 1811 2372 ,
1825 2337 1852 2363 E
1846 2334 1966 2374 ftaetori
1979 2336 2056 2375 infra
2070 2339 2181 2368 eandem
2196 2341 2310 2369 Civita-

1282 2400 1421 2444 Efifzetori
1434 2403 1481 2441 fiio
1497 2408 1525 2436 in
1539 2411 1677 2438 Comitatu
1700 2410 1778 2449 Salop
1799 2411 1838 2446 &
1860 2413 1997 2443 Marchiis
2015 2414 2122 2444 Wallre.

1283 2441 1425 2477 Escaetori
1437 2441 1488 2481 βω
1508 2448 1536 2473 in
1556 2448 1694 2477 Comitatu
1711 2452 1926 2486 liloimtgomerr.

1282 2478 1389 2508 Dileffto
1404 2479 1441 2515 ό
1450 2481 1533 2520 fideli
1538 2483 1589 2521 βω
1608 2488 1729 2525 filastri,
1740 2487 1878 2526 Efiaetori
1896 2487 2029 2520 'Civitatis
2043 2491 2129 2530 nostre
2143 2493 2268 2523 London.

1276 2554 1320 2598 ‚Et
1342 2555 1513 2602 Mandatum
1532 2560 1573 2590 est
1592 2561 1729 2593 militibus
1753 2566 1787 2596 &
1809 2565 1903 2596 liberis
1925 2567 2102 2598 Hominibus
2123 2569 2155 2600 δε
2169 2570 2308 2599 omnibus

1247 2592 1303 2623 aliis
1318 2595 1495 2640 Tenentibus
1513 2598 1548 2628 de
1569 2598 1742 2640 Episcopatu
1758 2605 1903 2642 mediesto,
1918 2607 1994 2643 quod
2017 2607 2110 2637 eidem
2132 2608 2224 2637 electo
2248 2616 2309 2638 tan-

1248 2641 1336 2669 quam
1359 2633 1505 2673 Episcopo
1521 2638 1554 2668 &
1569 2637 1704 2670 Domino
1719 2642 1768 2671 suo
1785 2665 1795 2680 ‚
1825 2644 1853 2672 in
1876 2645 2013 2674 omnibus
2029 2655 2084 2682 que
2102 2645 2135 2674 ad
2152 2645 2308 2690 Episcopa-

1246 2673 1648 2748 iiiffteffffdfftuffeffgtmem
1656 2700 1666 2716 ,
1682 2679 1857 2712 intendentes
1874 2683 1926 2714 siut
1939 2706 1948 2721 ,
1965 2683 2165 2722 respondentes
2180 2685 2213 2715 &
2229 2694 2308 2715 auxi-

1523 2733 1537 2744 e
1555 2737 1561 2743 .

1284 2785 1317 2815 In
1334 2789 1413 2826 cujus
1430 2790 1488 2828 rei,
1511 2791 1573 2822 διε.

1282 2861 1371 2894 Teste
1396 2864 1476 2905 Rege
1495 2875 1526 2898 ut
1539 2867 1628 2906 supra.

1957 2952 2014 2959 ὦ,

1399 2993 1566 3023 Creaiiones
1581 2994 1670 3025 Anno
1688 2996 1785 3041 Regni
1805 2999 1892 3043 Regis
1910 3000 2010 3031 Caroli
2036 3001 2132 3034 Nono.

1241 3071 1294 3127 R

1304 3072 1371 3141 {X
1380 3096 1390 3111 ,
1415 3076 1499 3105 tertio
1513 3075 1559 3106 die
1572 3076 1675 3121 Juni{‚
1689 3080 1797 3122 'creavit
1810 3080 1945 3126 Jaqobum
1958 3082 2121 3128 Dominum
2134 3089 2260 3129 Audley,
2270 3091 2299 3121 in

1337 3121 1454 3143 atonem
1469 3113 1505 3144 de
1527 3116 1628 3156 Heley,
1644 3118 1695 3147 libi
1717 3118 1749 3149 ὅ(
1773 3119 1922 3152 heredibus
1936 3123 1995 3153 suis.

2063 3200 2115 3232 Per
2135 3202 2260 3242 Regem.

1278 3266 1360 3304 Rex,
1378 3267 1518 3298 vicesimo
1536 3271 1643 3302 οᾶανο
1656 3272 1702 3302 die
1719 3276 1811 3312 Maii,
1832 3275 1968 3307 conceffit
1991 3276 2135 3308 Willielmo
2158 3280 2281 3319 Bofiusell

1242 3303 1394 3345 Armigero
1411 3306 1593 3346 Dignitatem
1608 3311 1641 3341 &
1665 3311 1822 3343 Honorem
1839 3314 1953 3345 Ordinis
1966 3314 2114 3353 Equestris.
2286 3305 2295 3320 ²

140 3358 249 3388 <stantes
265 3354 405 3386 extorsive
424 3363 506 3390 capte
524 3353 646 3391 fuerint,
664 3364 697 3385 ac
719 3356 756 3384 de
775 3353 954 3386 Nominibus
971 3357 1004 3387 ὅ(
1024 3355 1204 3389 Conditione
1254 3374 1258 3379 -

141 3405 240 3426 eorum
259 3396 307 3434 qui
326 3403 356 3423 ea
374 3392 412 3422 sic
440 3392 591 3423 habuerint
615 3394 648 3423 ὃς
672 3393 800 3430 ceperint
819 3392 831 3422 ?
867 3393 913 3424 Ac
932 3398 1033 3425 'utrum
1059 3397 1201 3433 predict-us

142 3433 300 3465 Cardianus
316 3442 366 3470 per
386 3430 503 3467 seipsum
524 3431 570 3461 vel
593 3440 642 3467 per
675 3431 851 3469 Deputatum
872 3433 928 3463 sive
954 3432 1113 3471 Deputatos
1138 3436 1199 3467 suos

140 3482 187 3504 aut
205 3481 253 3510 per
274 3471 342 3501 alios
363 3468 545 3506 officiii-ios,
562 3468 713 3500 Ministros
732 3471 765 3501 ὃς
787 3470 946 3501 Servientes
968 3471 1030 3502 suos
1052 3472 1196 3505 Officium

140 3512 304 3550 predictum
322 3508 394 3538 male
416 3507 476 3538 usus
498 3508 546 3538 vel
568 3507 667 3538 abusus
690 3508 774 3540 fuerit
787 3509 867 3547 3⁵vel
885 3509 997 3547 aliquod
1021 3512 1093 3542 aliud
1116 3512 1198 3543 Deli-

141 3551 220 3581 &um
243 3549 312 3579 fecit
334 3547 362 3575 in
383 3546 563 3584 exequendo,
578 3546 651 3576 male
667 3547 771 3577 utendo
787 3555 832 3577 aut
849 3557 908 3578 non
926 3548 1033 3579 utendo
1048 3558 1078 3580 ut
1097 3550 1195 3583 decuit

140 3589 283 3620 Officium
307 3583 481 3623 predicisum3
510 3584 546 3614 Et
565 3585 665 3622 quibus
684 3594 740 3615 arte
756 3585 802 3616 vel
823 3586 900 3616 malo
915 3587 1034 3623 ingenio
1053 3589 1194 3625 predstfius

141 3627 264 3664 Custos,
282 3625 442 3660 Deputatus
467 3623 499 3652 &
524 3621 650 3653 Ministri
671 3624 718 3654 vel
737 3633 837 3654 eorum
859 3625 943 3664 aliqui
959 3626 1003 3655 vel
1019 3626 1116 3665 aliquis
1132 3638 1195 3665 pre-

143 3666 223 3696 miffa
243 3664 287 3695 vel
309 3661 420 3700 aliquod
435 3669 538 3690 eorum
554 3662 763 3692 concelaverint
785 3662 829 3692 vel
851 3663 993 3693 concelati
1015 3666 1111 3696 conati
1134 3667 1196 3697 fue-

140 3704 197 3734 rint
224 3704 234 3734 ?
276 3703 317 3732 Ac
339 3701 375 3731 de
397 3700 533 3729 omnibus
552 3699 609 3729 aliis
626 3699 758 3731 Articulis
778 3701 810 3731 ὃ(
827 3700 1053 3733 Circumstantiis
1067 3706 1195 3740 premiffa

142 3742 372 3782 qualitercunque
395 3739 632 3779 concernentibus
647 3739 755 3777 plenius
775 3739 942 3770 Veritatem.
980 3740 1018 3771 Et
1034 3741 1097 3772 ideo
1112 3745 1196 3775 vobis

145 3781 311 3811 mandamus
326 3776 402 3818 quod
415 3776 449 3806 ad
465 3786 557 3807 certos
577 3775 646 3806 Dies
662 3778 695 3808 ὃ(
712 3777 811 3815 Loca,
827 3788 896 3815 quos
915 3779 949 3808 ad
971 3779 1025 3810 hec
1042 3782 1198 3819 provideri.

146 3820 198 3856 tis,
213 3825 259 3847 aut
277 3818 363 3854 aliqui
386 3824 440 3846 tres
456 3815 501 3845 vel
522 3815 612 3852 plures
626 3815 748 3845 vestrum
763 3817 956 3855 providerint,
976 3818 1140 3856 diligentem
1154 3822 1198 3852 su-

145 3867 194 3895 per
212 3856 349 3895 premiffis
369 3855 474 3885 faciatis
488 3852 722 3891 Inquisitionem3
741 3864 773 3883 ac
794 3864 856 3884 eam
874 3855 911 3884 sic
928 3856 1031 3886 faciam
1048 3857 1148 3888 Nobis
1168 3861 1197 3890 in

145 3893 354 3926 Cancellariatn
368 3893 495 3923 nostram
510 3890 561 3922 sub
573 3891 675 3929 sigillis
686 3891 782 3922 vestris
797 3901 843 3923 aut
858 3893 1014 3931 aliquorum
1029 3895 1134 3926 Trium
1152 3899 1199 3929 vel

146 3935 274 3973 plurium
294 3930 418 3961 vestrum
441 3932 474 3962 ὃς
496 3930 599 3968 Sigillis
614 3940 713 3960 eorum
730 3939 777 3967 per
790 3941 861 3968 quos
881 3931 956 3962 facia
968 3933 1051 3964 fuerit
1066 3934 1199 3967 distinete

147 3974 182 4005 &
199 3971 296 4009 aperte
315 3969 371 3999 sine
387 3968 523 4000 dilatione
544 3970 657 3999 mittatis
677 3970 710 4000 &
731 3969 779 3998 has
801 3970 907 4000 Literas
925 3970 1032 4001 nostras
1053 3972 1200 4014 Patentes3

151 4010 326 4042 Mandatnus
348 4008 426 4036 enim
448 4016 546 4038 tenore
568 4007 753 4048 presentium,
771 4016 826 4037 tam
850 4007 1078 4040 Vicecomitibus
1099 4011 1201 4045 nostris

151 4048 283 4080 Civitatis
304 4045 397 4076 nostre
419 4046 536 4076 London
551 4054 638 4084 quarn
658 4046 886 4076 vicecomitibus
900 4046 1000 4078 nostris
1015 4048 1203 4089 Midd’,quod

152 4088 188 4120 ad
213 4083 539 4154 certolsHDIiesP&HLoca
555 4095 627 4124 quos
645 4085 690 4118 vel
711 4095 763 4123 que
777 4085 812 4116 ad
826 4084 884 4117 hoc
899 4086 1078 4124 provideritis
1092 4097 1138 4120 aut
1153 4090 1204 4121 ali-

183 4129 260 4158 Tom.
352 4144 361 4154 .
405 4142 413 4151 ·
471 4144 481 4154 .

1601 3384 1656 3418 Per
1675 3388 1791 3426 speciale
1807 3390 1992 3422 Warrantum
2013 3391 2136 3424 Domini
2158 3393 2258 3433 Regis.

1234 3510 1347 3541 Brevia
1365 3507 1401 3540 de
1415 3511 1551 3542 Licentia
1577 3512 1702 3558 eligendi
1724 3518 1815 3560 Regio
1833 3514 1955 3560 Affinsis
1974 3520 2010 3554 ῤ’
2037 3516 2072 3549 de
2097 3518 2286 3562 Restitutione

1422 3557 1644 3605 Temporalium
1663 3566 1749 3594 Anno
1768 3575 1839 3595 nono
1856 3564 1962 3597 Caroli
1986 3566 2097 3610 Regis.

1234 3641 1284 3696 L
1292 3641 1306 3671 1
1314 3641 1342 3686 C
1350 3642 1472 3672 ENTl
1483 3642 1508 3673 A
1535 3644 1655 3685 eligendi
1677 3646 1852 3685 Episcopum
1861 3671 1870 3686 ,
1884 3649 2016 3680 concessa

1304 3681 1393 3718 pitulo
1408 3684 1527 3718 Bangor.

1268 3718 1358 3751 Teste
1371 3718 1457 3756 Rege
1469 3720 1542 3758 apud
1555 3721 1813 3762 Wstmonasterium
1822 3746 1832 3763 ,
1848 3724 1962 3756 decimo
1977 3726 2020 3757 die
2034 3729 2196 3759 Decembris.

2168 3768 2200 3798 P.
2220 3769 2249 3800 S.

1269 3836 1377 3874 Regius
1397 3834 1526 3865 Affensus
1545 3844 1598 3875 pro
1614 3837 1756 3867 Edmundo
1769 3837 1884 3876 Griffi'th
1899 3863 1908 3878 ,
1932 3839 2077 3880 Episcopo
2101 3847 2213 3883 Bangor
2234 3847 2291 3879 ele-

1235 3875 1359 3944 &Ps'este
1378 3910 1463 3949 Rege
1483 3911 1558 3950 apud
1580 3912 1852 3954 W2stm071asterium,
1865 3917 1960 3954 primo
1980 3918 2027 3950 die
2045 3920 2198 3953 Februarii.

1275 3987 1429 4019 Restitutio
1442 3987 1660 4026 Temporalium
1680 4000 1731 4029 pro
1749 3991 1863 4023 eodem.
2174 3962 2207 3993 P·
2226 3962 2254 3993 S·

1278 4026 1367 4059 Teste
1383 4026 1471 4065 Rege
1489 4027 1562 4065 apud
1581 4027 1858 4071 westmonasterium,
1874 4033 1968 4070 primo
1984 4033 2030 4066 die
2044 4036 2205 4106 Februariil.>
2232 4075 2252 4105 S

1721 4134 1751 4165 11
1769 4145 1788 4165 2
2253 4143 2303 4173 Li-

2332 975 2408 1006 Ann.
2424 978 2466 1010 D,-

2350 1016 2438 1054 1633.

2332 1057 2389 1081 Par.
2409 1064 2439 1089 9.

2330 1097 2393 1120 Car.
2409 1102 2431 1119 1.

2331 1135 2463 1170 p.12.n,4.‘

2329 1635 2443 1663 *xlm

2365 1683 2429 1707 525„

2325 3097 2400 3128 Ann.
2417 3096 2456 3132 D,

2319 3257 2380 3280 Pars
2403 3264 2452 3281 rm·-

2318 3291 2431 3328 decima,

2333 3334 2381 3358 No.
2401 3336 2429 3358 0.

2033 3649 2155 3682 Decano
2171 3653 2204 3683 δε
2225 3653 2282 3686 Ca·
2308 3669 2384 3700 Ann-
2400 3670 2445 3705 94

2331 3713 2417 3749 1633.

2352 3753 2410 3775 sas

2316 3788 2423 3824 quinam

2316 3834 2421 3856 areima,

2315 3868 2349 3890 N.
2362 3872 2390 3897 5-

2311 3902 2405 3928 Ib'dsln

2312 3942 2360 3967 NJ.
2380 3948 2409 3973 4.

2315 4017 2408 4044 ibidem

2313 4063 2361 4086 No.
2383 4066 2407 4094 3.
