2536 4255
727 122 837 176 'ET
924 121 1191 178 ACTA

1216 119 1758 179 fiesties
2239 133 2290 196 w

0 234 48 258 nn.
62 224 104 257 D.
125 224 182 255 ces’
195 223 324 255 Lincoln’
340 226 438 263 (quam
456 223 516 261 jam
535 208 657 259 obtinet)
678 221 844 253 Redioriam
868 216 992 253 Ecclefie
1008 218 1182 252 Parochialis
1221 216 1260 247 ria
1276 217 1403 250 Ecclefie
1418 205 1587 252 parochialis
1599 204 1636 252 de
1658 216 1801 261 Cofingtorc
1821 224 1938 256 Dioces'
1958 224 2077 256 Lincoln'
2095 214 2190 263 (quam
2208 224 2269 262 jam
2286 223 2362 253 Ann.
2375 225 2418 255 D:

0 264 79 304 1625.

0 314 24 332 n.
36 313 45 330 l
52 325 59 331 .

0 350 32 374 rr.
58 350 83 370 r.

0 575 109 604 xvm.

19 3771 132 3800 ‘XVIII

23 3811 77 3840 *66.

122 264 156 294 de
171 264 346 293 Narnianton
363 262 490 299 ejusdem
505 260 624 292 Dioces'
643 260 748 298 (modo
760 267 820 289 non
833 258 915 290 distet
927 270 941 290 a
956 260 1042 297 priori
1056 259 1126 301 ultre
1134 259 1177 288 vi-

123 303 194 340 ginti
211 303 244 332 &
259 309 378 340 quatuor
392 299 520 336 Milliar’)
536 301 657 336 recipere
677 297 777 336 possit,
795 297 828 327 &
843 298 938 334 quoad
958 299 1056 329 vixerit
1074 305 1177 339 retine-

123 349 161 371 re.
202 339 270 370 Dat’
285 340 401 371 decimo
417 340 517 378 quinto
532 336 589 367 Die
601 332 706 366 Mensis
720 336 857 372 ominis,
876 336 963 365 Anno
978 336 1099 366 Domini
1110 335 1176 364 mil-

121 379 222 411 lefimO
234 378 438 423 sexcentesimo
453 375 589 407 vicefimo
603 376 725 412 quinto,
743 375 776 404 ὃ(
796 373 1003 405 Transsationis
1022 375 1111 404 Anno
1127 372 1177 403 de-

120 426 359 488 crrgcggqulxrirriltssb·
394 451 481 484 Teste
492 450 574 490 Rege
588 451 659 490 apud
672 454 816 490 Hampton
830 452 928 480 Courte
941 473 950 488 ,
966 450 1105 481 tricesimo
1120 448 1179 480 Die

120 495 254 525 Odobris.

162 574 178 590 *
192 570 302 608 Egidius
314 564 506 602 Thorneburgh
523 564 651 596 Clericus
661 589 670 604 ,
691 565 727 596 A.
743 565 788 596 M.
806 574 921 595 necnon
935 562 1102 601 Capelianus
1116 573 1178 602 pre-

126 610 229 640 nobilis
240 608 353 636 Henrici
368 607 457 643 Graye
470 603 594 634 Comitis
614 607 737 643 Kantie,
758 612 788 634 ut
805 613 929 634 unacum
946 601 1056 633 Vicaria
1081 611 1180 640 perpe-

122 658 169 679 tua
183 644 309 677 Ecclesie
321 642 493 673 parochialis
507 642 543 672 de
559 640 666 672 Crowle
682 641 933 678 Dioces’Wigorn'
947 640 1047 678 (quam
1058 640 1117 677 jam
1124 641 1180 683 ob-

122 687 203 720 tinet)
223 682 391 713 Ree'toriam
404 680 529 711 Ecclesie
543 680 711 711 parochialis
723 680 759 710 de
766 682 905 710 Naunton
917 679 1097 717 Beauchampe
1110 678 1179 715 ejus-

121 725 186 754 dem
205 720 323 751 Dioces'
341 720 445 756 (modo
460 729 519 749 non
541 719 623 749 distet
639 729 656 749 a
676 718 787 749 Vicaria
803 718 921 758 predifit'
939 719 1009 748 ultra
1032 716 1180 747 sexdecem

122 759 241 792 Milliar’
255 759 287 789 &
304 757 413 791 dimid')
432 759 557 795 recipere
574 757 675 795 poffit,
690 758 723 788 δε
739 757 832 793 quoad
848 757 944 788 vixerit
960 757 1084 786 retinere.
1111 754 1179 785 Dat'

120 799 198 830 sexto
217 797 276 829 Die
291 795 398 827 Mensis
412 795 506 834 Julii,
525 796 613 825 Anno
631 795 753 825 Domini
763 795 913 825 millesimo
922 794 1122 825 sexcentesimo
1136 794 1179 824 vi·

121 838 228 869 ceiimo
241 837 341 874 quinto
351 858 359 873 ,
375 834 409 865 δε
428 833 627 863 Transsationis
642 834 729 864 Anno
743 834 858 864 decimo
873 842 981 871 quarto.

157 874 357 906 Confirmatio.
373 872 464 903 Teste
478 871 560 911 Rege
568 872 646 912 ‚apud
661 872 934 912 nestmonasterium,
953 871 1088 904 vicesimo
1099 880 1181 911 quar-

121 922 153 945 to
169 914 227 945 Die
240 912 386 951 Januarii.

161 988 346 1020 Alexandrus
361 988 488 1024 Skinner,
507 985 636 1017 Clericus
646 1012 655 1026 ,
675 988 711 1018 A.
726 988 757 1019 B.
774 998 887 1019 necnon
902 986 1069 1025 Capellanus
1081 987 1179 1017 Reve-

124 1030 203 1060 rendi
216 1029 244 1057 in
262 1027 377 1058 Christo
394 1025 480 1055 Patris
495 1025 636 1055 Valentini
657 1028 750 1057 Exorc'
762 1026 914 1065 Episcopi,
933 1034 962 1055 ut
976 1036 1030 1056 una
1045 1035 1113 1055 cum
1128 1026 1181 1055 Vi-

126 1068 198 1098 caria
213 1073 345 1105 perpetua
365 1063 491 1095 Ecclefie
512 1064 680 1094 Parochialis
695 1066 729 1096 de
752 1064 904 1095 Stockland
922 1063 1040 1094 Dioces'
1060 1062 1182 1103 Brisboll’

126 1109 225 1143 (quam
247 1106 303 1141 iam
327 1103 453 1138 obtinet)
474 1102 641 1133 Reeronam
669 1104 795 1134 Ecclefie
815 1102 986 1132 Parochialis
1008 1101 1043 1131 de
1065 1105 1181 1132 Feinton

125 1143 245 1176 Dioces’
263 1143 353 1172 Exon'
373 1144 476 1179 (modo
489 1151 548 1171 non
563 1142 668 1172 disteta
678 1143 785 1173 Vicaria
795 1139 913 1178 predi&
920 1140 990 1170 ultra
1002 1140 1101 1169 decem
1112 1140 1181 1169 Mil-

123 1183 190 1219 liar')
211 1182 333 1219 recipere
348 1179 449 1218 poffir,
467 1179 499 1209 &
517 1181 610 1217 quoad
626 1182 726 1210 vixerit
741 1181 868 1210 retinere.
906 1176 1109 1220 Dar’nseptimo
1125 1177 1184 1208 Die

123 1220 233 1252 Mensis
250 1219 416 1249 Novembris
431 1218 522 1248 Anno
538 1218 662 1249 Domini
677 1218 824 1248 millefirno
838 1218 1039 1247 sexcentesimo
1047 1216 1183 1247 vicesimo

124 1260 229 1299 quinto
238 1283 246 1295 ,
265 1260 299 1289 &
316 1255 517 1287 Transsarionis
531 1257 620 1287 Anno
633 1257 748 1287 decimo
762 1256 872 1293 quinto.

166 1296 370 1328 Confirmatio.
400 1293 489 1326 Teste
503 1294 587 1332 Rege
602 1295 675 1332 apud
688 1294 811 1332 Reading
823 1292 979 1324 undecimo
993 1292 1051 1324 Die
1058 1294 1184 1323 Novem-

130 1336 194 1366 bris.

165 1410 331 1442 Lancelotus
344 1407 477 1446 Harrison
495 1406 640 1443 Clericus,
662 1406 698 1437 A.
720 1407 766 1438 Μ.
784 1418 898 1439 necnon
916 1407 1083 1448 Capellanus
1099 1412 1185 1438 Anne

125 1450 257 1482 Domine
276 1447 387 1477 Dotifle
404 1446 536 1474 Howard
548 1445 584 1474 de
598 1444 773 1485 Effingbam,
792 1456 821 1476 ut
837 1458 890 1477 una
905 1457 973 1477 cum
989 1446 1101 1477 Vicaria
1123 1457 1185 1484 per-

123 1499 208 1527 petui
228 1486 351 1517 Ecclesie
373 1484 542 1515 parochialis
563 1485 598 1513 de
623 1484 693 1523 East
721 1485 906 1515 Beachworth
926 1485 1041 1516 Dioces'
1061 1489 1095 1513 W
1099 1485 1186 1515 inton’

127 1530 223 1565 (quarn
231 1526 290 1563 jam
305 1522 431 1560 obtinet)
454 1523 620 1552 Recioriarn
643 1522 770 1554 Ecclelie
787 1523 955 1555 Parochialis
977 1524 1011 1555 de
1035 1523 1184 1553 Ickenham

124 1565 244 1597 Dioces'
259 1562 377 1592 London
396 1561 499 1597 (modo
515 1571 574 1591 non
589 1560 674 1592 distet
689 1563 725 1592 ab
739 1572 775 1592 eo
794 1562 936 1594 Beneficio
947 1563 1025 1601 quod
1039 1563 1183 1594 retinuerit

125 1604 196 1634 ultra
209 1601 363 1633 duodecim
378 1599 506 1636 Milliar')
527 1600 652 1636 recipere
667 1600 769 1639 possit,
788 1602 821 1631 ὃς
833 1602 926 1640 quoad
942 1602 1042 1632 vixerit
1057 1602 1184 1632 retinere.

124 1641 196 1672 Dat'
211 1640 367 1670 undecimo
390 1638 449 1668 Die
466 1638 574 1668 Mensis
591 1638 757 1668 Novembris
773 1639 862 1670 Anno
889 1639 1015 1670 Domini
1036 1639 1185 1670 millesimo

125 1679 328 1711 sexcentefirno
348 1676 488 1709 vicefimo
510 1678 611 1716 quinto
628 1700 638 1714 ,
665 1679 699 1710 &
724 1678 930 1709 Transsationis
954 1678 1043 1708 Anno
1066 1677 1183 1709 decimo
1204 1694 1206 1696 v

126 1727 368 1826 ssggiifzrmatio.
403 1752 493 1784 Teste
515 1754 598 1793 Rege
615 1754 692 1792 apud.
710 1755 846 1794 Reaa'ing,
869 1752 985 1786 decimo
1007 1755 1108 1793 quinto
1126 1753 1187 1786 Die

163 1807 242 1826 ovem
261 1805 309 1825 ΥΠ.

168 1870 330 1902 Willielmus
344 1871 450 1907 Slayter
467 1868 613 1906 Clericus,
629 1868 659 1900 S.
674 1869 715 1900 T.
729 1869 763 1900 P.
781 1878 812 1901 ut
825 1878 951 1902 unacum
965 1869 1076 1901 Vicaria
1089 1879 1188 1910 perpe-

130 1919 178 1943 tua
194 1910 318 1941 Ecclesie.
334 1908 501 1939 parochialis
517 1908 552 1938 de
562 1907 734 1938 Newchurch
750 1908 1010 1940 Dioces'Cantuar’
1025 1910 1189 1948 (quamjam

131 1951 257 1984 obtinet)
287 1947 454 1979 Rectoriam
482 1946 607 1977 Ecclefie
625 1946 797 1978 Parochialis
818 1947 854 1978 de
875 1947 1044 1978 otterinden
1066 1947 1191 1985 ejusdem

132 1987 250 2019 Dioces'
271 1988 373 2024 (modo
386 1996 444 2016 non
457 1985 539 2016 distet
553 1995 566 2014 a
576 1984 684 2016 Vicaria
698 1986 891 2023 predicPultra
905 1986 1109 2024 septemdecim
1118 1985 1188 2016 Mil-

133 2027 200 2063 liar')
222 2027 346 2094 recipere
359 2024 460 2063 poffit,
478 2025 511 2054 &
529 2024 621 2062 quoad
637 2024 734 2055 vixerit
749 2026 876 2056 retinere.
894 2025 961 2055 Dat'
978 2025 1093 2056 decimo
1109 2034 1191 2067 quar-

133 2070 167 2097 to
182 2065 239 2096 Die
255 2064 282 2094 Ν
295 2064 362 2094 enfis
376 2063 544 2093 Novembris
559 2063 647 2093 Anno
669 2062 792 2093 Domini
817 2063 973 2094 millesimo
988 2063 1190 2094 sexcentesimo

132 2104 272 2136 vicesimo
287 2104 405 2143 quintO,
422 2103 455 2134 &
467 2100 669 2132 Transsationis
681 2101 769 2132 Anno
782 2101 901 2133 decimo
917 2103 1028 2140 quinto.

173 2142 378 2211 Coanmatio.
413 2140 503 2172 Teste
517 2140 601 2179 Rege
623 2140 697 2179 apud
721 2141 860 2180 Reading,
886 2140 1004 2172 decimo
1025 2141 1128 2179 quinto
1148 2140 1195 2172 die

134 2183 246 2213 Novem
264 2184 312 2211 ris.

172 2262 297 2289 Brianus
311 2260 409 2296 Duppa
425 2255 573 2294 Clericus,
591 2255 620 2286 S.
639 2256 679 2287 T.
693 2257 727 2288 P.
747 2265 779 2289 ut
792 2267 847 2289 una
857 2266 926 2288 cum
937 2255 1048 2288 Vicaria
1063 2264 1195 2295 perpetua

133 2297 261 2328 Ecclesie
275 2295 446 2328 parochialis
462 2294 496 2324 de
511 2294 642 2335 Westham
659 2295 777 2326 Dioces'
797 2295 937 2337 Ciccstrcn'
956 2295 1001 2328 (ad
1024 2305 1107 2333 quam
1151 2306 1200 2326 re«

135 2335 258 2366 sentatus
271 2335 323 2370 est)
341 2334 484 2364 Vicariam
501 2342 662 2371 perpetuam
679 2333 807 2365 Ecclefie
826 2333 995 2365 Parochialis
1009 2334 1045 2364 de
1060 2333 1193 2371 HalJJam

134 2374 260 2412 ejusdem
276 2373 396 2403 Dioces'
413 2371 519 2407 (modo
533 2381 593 2401 non
611 2371 696 2402 distet
712 2382 727 2402 a
743 2374 828 2411 priori
844 2373 913 2403 ultra
935 2374 985 2403 tria
1002 2372 1128 2410 Milliar')
1150 2383 1193 2404 re-

136 2414 236 2450 cipere
251 2410 350 2449 posfit,
368 2411 402 2440 &
416 2410 509 2446 quoad
525 2410 623 2440 vixerit
641 2411 768 2440 retinere.
796 2411 865 2441 Dat'
876 2412 982 2441 oCtavo
995 2410 1055 2441 Die
1068 2413 1193 2441 Novem-

139 2451 195 2481 bris
215 2450 305 2480 Anno
321 2448 444 2479 Domini
467 2448 616 2478 millesimo
638 2448 840 2480 sexcentesimo
861 2449 998 2480 vicesimo
1021 2450 1143 2487 quinto,
1161 2450 1194 2481 &

133 2487 342 2521 Transsaiionis
359 2487 447 2517 Anno
464 2485 582 2516 decimo
596 2488 707 2524 quinto.

173 2526 377 2595 Confibrrnatio.
412 2523 502 2555 Teste
525 2523 608 2564 Rege
628 2524 703 2563 apud
724 2526 863 2564 Reading,
880 2525 996 2557 decimo
1017 2526 1119 2565 quinto
1138 2526 1198 2557 Die

139 2568 252 2597 Novem
272 2568 319 2595 ris.

177 2642 311 2674 Ricardus
322 2641 466 2672 Attwood
478 2639 622 2677 Clericus,
643 2640 676 2670 A.
696 2640 742 2671 M.
763 2650 878 2671 necnon
893 2640 1060 2679 Capelianus
1077 2641 1194 2673 Dome-

140 2681 227 2713 :sticus
241 2681 403 2711 Reverendi
425 2681 454 2710 in
467 2678 584 2709 Christo
607 2679 697 2710 Patris
713 2679 861 2718 Johannis
884 2680 974 2709 Oxon’
994 2680 1146 2720 Episcopi,
1167 2689 1196 2711 ut

140 2730 196 2751 una
215 2730 286 2751 cum
301 2718 416 2750 Vicaria
428 2725 560 2758 perpetua
581 2717 708 2749 Ecclefie
724 2718 897 2749 Parochialis
913 2719 947 2748 de
969 2719 1075 2749 Milton
1090 2723 1199 2757 lldagna

137 2757 255 2789 Dioces'
270 2758 361 2787 Oxon'
380 2757 478 2795 (quam
492 2757 547 2793 iarn
563 2757 685 2794 obtinet)
703 2756 870 2787 Re&oriam
885 2756 1013 2788 Ecclefie
1027 2758 1196 2789 Parochialis

140 2797 178 2827 de
195 2797 328 2834 Edgetott
345 2795 465 2825 Dioces’
477 2794 600 2824 Lincoln’
614 2796 704 2826 modo
727 2805 786 2826 non
808 2794 892 2826 distet
912 2805 927 2825 a
950 2795 1063 2826 Vicaria
1079 2797 1198 2835 predist'

142 2835 211 2864 ultra
227 2835 360 2865 undecim
381 2833 509 2869 Milliar’)
528 2834 652 2872 recipere
665 2832 767 2871 poffit,
786 2834 820 2865 &
843 2834 939 2870 quoad
955 2835 1056 2865 vixerit
1069 2836 1197 2867 retinere.

141 2872 209 2902 Dat'
222 2870 336 2903 decimo
350 2872 426 2903 sexto
442 2871 500 2902 Die
516 2871 622 2901 Mensis
640 2872 804 2902 Novembris
814 2895 823 2909 ,
840 2872 929 2902 Anno
945 2871 1067 2903 Domini
1088 2874 1199 2904 milleli-

145 2920 199 2954 mo
212 2910 411 2941 sexcentesimo
426 2910 564 2941 vicesimo
576 2910 695 2949 quinto,
715 2910 748 2941 &
766 2909 965 2941 Transsationis
981 2911 1070 2942 Anno
1081 2912 1197 2944 decimo

141 2957 258 2988 qul'ltO.
282 2970 285 2973 -

148 2985 385 3056 Nfizrrinfibrffletio.
417 2986 506 3018 Teste
530 2985 614 3025 Rege
633 2985 707 3024 apud
723 2986 846 3025 Reading
861 3010 871 3026 ,
897 2986 1013 3018 decimo
1034 2989 1112 3020 seXto
1134 2989 1194 3021 Die

186 3101 344 3134 Willielmus
357 3099 436 3130 Poole
451 3100 594 3138 Clericus,
615 3100 650 3131 A.
671 3100 718 3131 M.
735 3111 851 3132 necnon
867 3101 1033 3141 Capelianus
1042 3103 1197 3135 Honoran-

149 3141 180 3172 di
195 3140 258 3170 Viri
271 3140 369 3169 Thome
382 3138 509 3168 Domini
523 3140 652 3168 Howard
667 3139 692 3168 V
697 3140 855 3170 icecomitis
870 3141 1010 3171 Andever
1034 3144 1066 3174 &
1084 3143 1198 3173 Baronis

149 3181 186 3211 de
201 3177 364 3212 Charleton,
383 3187 414 3208 ut
429 3187 485 3207 una
494 3186 563 3207 cum
572 3176 709 3207 Restoria
726 3176 851 3209 Ecclelie
870 3178 1040 3210 Parochialis
1056 3181 1090 3211 de
1105 3184 1201 3211 Doun-

149 3219 288 3249 tesbourne
303 3217 411 3246 Abbat’
427 3215 543 3246 Dioces’
554 3214 699 3254 Glaucestr'
717 3225 800 3253 quam
811 3217 872 3254 jam
892 3218 1014 3254 obtinet)
1036 3219 1201 3250 Resioriam

152 3255 281 3288 Ecclesie
294 3254 465 3285 Patochialis
480 3254 515 3284 de
529 3253 643 3292 Elkston
659 3254 721 3283 alias
735 3254 839 3292 Elston’
853 3255 974 3293 ejusdem
991 3257 1109 3288 Dioces‘
1124 3260 1202 3293 (mo-

154 3297 195 3327 do
207 3305 267 3325 non
283 3292 365 3323 distet
381 3302 397 3323 a
412 3293 496 3330 priori
509 3293 578 3322 ultra
593 3293 642 3323 tria
661 3292 784 3329 Milliar')
805 3294 928 3330 recipere
942 3295 1024 3332 possit
1034 3319 1043 3333 ,
1061 3297 1092 3326 &
1110 3297 1202 3335 quoad

152 3335 252 3366 vixerit
268 3333 398 3362 retinere.
435 3329 502 3360 Dat’
518 3331 635 3361 decimo
649 3340 728 3360 nono
743 3330 802 3361 Die
820 3330 927 3362 Mensis
942 3334 1124 3373 Novembris,
1143 3336 1205 3366 An-

153 3384 194 3404 no
210 3371 335 3402 Domini
351 3369 498 3399 millesimo
516 3369 716 3400 sexcentefimo
729 3369 866 3401 vicesimo
889 3371 1006 3410 quinto,
1024 3373 1057 3404 &
1074 3373 1205 3405 Transsa-

155 3412 241 3443 tionis
255 3409 344 3440 Anno
357 3408 471 3438 decimo
488 3410 597 3444 quinto.

192 3447 394 3517 Confirmatio,
427 3444 516 3476 Teste
529 3445 610 3485 Rege
625 3446 700 3486 apud
719 3447 857 3486 Reading,
874 3448 1012 3480 vicesimo
1029 3450 1125 3487 primo
1145 3449 1205 3482 Die

153 3490 266 3520 Novem
299 3490 329 3516 is.

194 3562 356 3595 Wllielmus
366 3560 459 3592 Owles
474 3558 627 3605 Clericus,
639 3560 675 3591 A.
692 3562 739 3593 M.
758 3574 872 3596 necnon
888 3562 1056 3601 Capellanus
1070 3567 1207 3603 prenobi-

155 3605 189 3635 lis
203 3603 320 3634 Femine
334 3599 501 3630 Elizabethe
519 3599 671 3629 Domitiffe
687 3599 799 3632 Dotiffe
813 3601 940 3633 Lincoln'
962 3611 991 3632 ut
1007 3613 1130 3634 unacum
1146 3604 1206 3636 Re-

155 3643 246 3673 ‹storia
258 3640 384 3671 Ecclesie
401 3638 580 3682 Par-ochialis
595 3637 630 3666 de
652 3639 789 3677 Pyreslone
810 3642 872 3672 alias
896 3639 1066 3709 Billingord
1087 3642 1206 3674 Dioces'

158 3679 315 3710 Norwicen’
331 3680 429 3716 (quarn
442 3686 501 3715 Jam
517 3676 641 3713 obtinet)
664 3676 827 3708 Rectoriam
844 3679 967 3710 Ecclelie
1012 3681 1154 3712 arochialis
1175 3682 1210 3714 de

158 3717 286 3756 Brockish
303 3717 427 3754 ejusdem
445 3715 563 3745 Dioces'
583 3714 685 3751 (modo
703 3725 761 3744 non
774 3715 858 3747 distet
872 3727 886 3747 a
895 3717 979 3754 priori
991 3718 1060 3748 ultra
1072 3719 1129 3750 duo
1140 3721 1210 3751 Mil-

137 3790 146 3799 ·
157 3757 227 3789 liar')
245 3756 369 3792 recipere
384 3753 469 3792 poffit
479 3776 487 3791 2
502 3755 535 3785 &
551 3753 643 3791 quoad
661 3754 759 3783 vixerit
772 3755 893 3784 retinere.
911 3754 977 3786 Dat’
994 3757 1012 3776 ²*
1028 3757 1143 3788 decimo
1157 3770 1211 3790 no-

163 3805 203 3825 no
218 3794 277 3824 Die
290 3793 474 3830 Novembris,
493 3793 581 3822 Anno
604 3792 725 3821 Domini
739 3791 888 3822 millesimo
900 3791 1100 3825 sexcentesimo
1115 3798 1212 3829 viceli-

164 3842 216 3864 mo
232 3833 348 3869 quinto,
365 3833 399 3862 δε
413 3831 615 3861 Transsationis
633 3833 721 3860 Anno
735 3830 851 3859 decimo
864 3831 974 3868 quinto.

163 3868 403 3939 NConinmatio.
424 3868 514 3899 Teste
530 3868 612 3908 Rege
625 3869 698 3909 apud
712 3868 846 3906 Reuding,
862 3868 1000 3900 vicesimo
1014 3870 1137 3903 secundo
1153 3873 1213 3904 Die

196 3919 276 3939 O'Uenl
295 3918 332 3936 ΥΠ
562 3917 594 3939 ,ς’

206 3983 367 4013 willielmus
382 3983 525 4024 Staveley,
543 3983 692 4022 Clericus,
713 3983 747 4013 A.
763 3983 809 4013 M.
829 3993 943 4014 necnon
960 3982 1131 4021 Capellanns
1151 3985 1219 4017 Ho-

162 4023 283 4055 norandi
300 4021 362 4053 Viri
377 4024 490 4052 chrici
503 4022 629 4054 Domini
641 4026 718 4062 Gray
732 4022 767 4054 de
782 4021 901 4062 Grooby,
918 4031 948 4054 ut
964 4031 1018 4053 una
1028 4032 1097 4054 cum
1106 4023 1220 4056 Recio-

1217 256 1341 300 obtinet)
1364 256 1504 288 Vicariam
1519 268 1680 297 perpetuam
1698 260 1820 290 Ecclesie
1835 263 1999 294 Parochialis
2015 265 2049 294 de
2062 262 2190 302 Rothclye
2198 263 2266 300 ejus-
2313 264 2398 301 1625.

1215 293 1281 338 dem
1296 293 1412 338 Dioces’
1429 296 1532 331 (modo
1547 307 1605 327 non
1625 297 1709 328 distet
1723 307 1738 327 a
1758 297 1891 329 Redtoria
1912 302 2028 339 predi&
2051 303 2119 332 ultra
2138 302 2266 338 Spatium
2283 304 2334 328 Aa.
2354 312 2377 328 1-

1216 342 1297 362 unius
1314 331 1429 363 Milliar'
1442 333 1487 362 vel
1499 344 1536 364 eo
1551 336 1670 370 circiter)
1685 337 1805 372 recipere
1815 337 1914 375 possit,
1932 341 1964 369 &
1979 341 2071 377 quoad
2086 341 2184 370 vixerit
2199 341 2265 369 reti-
2283 344 2346 367 Car.
2367 350 2389 367 1.

1215 380 1290 400 nere.
1325 370 1386 401 Dat
1401 371 1500 401 ultimo
1519 370 1576 402 Die
1594 372 1700 402 Menfis
1715 374 1899 411 Novembris,
1918 377 2002 407 Anno
2014 379 2137 408 Domini
2151 378 2263 408 millesi-

1216 418 1267 452 mo
1280 409 1478 440 sexcentesimo
1492 409 1631 441 vicesimo
1644 412 1760 448 quinto,
1778 412 1811 442 &
1825 412 2025 445 Transsationis
2038 417 2125 447 Anno
2145 417 2262 447 decimo

1215 456 1324 485 quinto.

1215 484 1454 553 DConZir-matio.
1492 483 1583 515 Teste
1600 484 1682 524 Rege
1697 485 1770 524 apud
1792 489 2060 528 Hampton-Court,
2078 493 2198 530 septimo
2218 492 2265 523 die

1247 535 1314 554 ecenl
1333 533 1379 554 ²⁶15.

1239 599 1367 640 ⁴Thomas
1382 599 1492 630 Wrral
1503 598 1650 637 Clericus,
1670 599 1700 630 S.
1711 599 1750 630 T.
1764 599 1798 630 Ρ.
1815 610 1928 632 necnon
1938 601 2104 640 Capellanus
2117 605 2265 638 Reveren-

1216 634 1244 678 ᾧ
1258 639 1286 667 in
1304 637 1424 668 Christo
1439 637 1526 668 Patris
1542 641 1650 675 Georgii
1670 638 1785 667 London
1799 638 1947 677 Episcopi,
1967 650 1995 669 ut
2013 651 2135 671 unacum
2156 644 2264 675 Recto-

1216 682 1254 718 ‘'132
1269 675 1392 707 Ecclelie
1408 676 1575 707 Parochialis
1587 677 1681 706 Sanc‘li
1694 675 1839 715 Buttosphi
1854 687 1930 708 extra
1944 678 2113 716 Eilhopsgate
2128 682 2198 712 infra
2212 684 2265 713 Cr-

1217 714 1293 744 vitat'
1308 716 1341 745 &
1358 714 1476 745 Dioces'
1491 716 1622 751 London,
1643 716 1741 752 (quam
1752 715 1812 752 jam
1828 716 1950 752 obtinet)
1968 716 2132 747 Reckoriam
2147 719 2266 752 Eccleiie

1217 750 1386 784 Parochialis
1400 753 1434 783 de
1449 753 1572 792 Finchley
1585 753 1707 790 ejusdem
1724 752 1842 783 Dioces'
1859 754 1961 790 (modo
1979 765 2036 784 non
2058 755 2139 785 distet
2154 766 2169 785 a
2184 760 2265 793 priori

1218 789 1286 820 ultra
1302 791 1374 821 octo
1386 791 1432 821 vel
1446 800 1553 821 novem
1578 791 1692 821 Milliar'
1708 791 1753 822 vel
1778 801 1814 820 eo
1836 792 1960 827 circiter)
1978 794 2101 830 recipere
2119 795 2216 832 polilt,
2236 800 2269 826 ὅς

1214 829 1308 866 quoad
1320 831 1419 860 vixerit
1432 830 1561 859 retinere.
1600 829 1668 859 Dat’
1684 830 1760 859 serito
1775 828 1834 858 Die
1853 831 2007 859 Decembris
2018 853 2026 867 ,
2045 832 2131 861 Anno
2149 832 2270 863 Domini

1217 867 1367 911 millesimo
1380 868 1580 899 sexcentesimo
1589 868 1725 899 vicesimo
1739 868 1840 907 quinto
1849 890 1858 905 ‚
1876 870 1909 900 ὃ(
1918 868 2117 900 'sranssationis
2127 870 2214 900 Anno
2223 872 2273 901 de-

1215 914 1297 935 crmo
1313 915 1422 943 quinto.

1216 943 1458 1012 DConbfirmatio.
1491 943 1581 975 Teste
1601 943 1685 983 Rege
1700 943 1776 983 apud
1791 947 2051 984 [sumptori-court,
2079 945 2197 983 septimo
2215 946 2276 978 Die

1247 991 1313 1011 ecem
1333 993 1379 1012 ΥΠ.

1254 1058 1407 1089 Edvardus
1425 1062 1532 1089 Davies
1547 1058 1692 1096 Clericus,
1711 1058 1745 1088 A.
1768 1057 1813 1088 M.
1834 1068 1947 1090 necnon
1964 1060 2130 1098 Capellanus
2143 1062 2276 1100 prenobi-

1217 1096 1250 1126 lis
1273 1097 1369 1126 Thome
1392 1097 1517 1128 Comitis
1533 1097 1672 1127 Arundell
1690 1098 1722 1128 ὃς
1743 1098 1819 1126 Surr’
1840 1097 1966 1128 Comitis
1992 1099 2149 1130 Marescalli
2172 1101 2276 1137 Anglie

1238 1136 1372 1165 renobilis
1389 1135 1507 1166 Ordinis
1522 1136 1646 1167 Garterii
1656 1135 1773 1173 Militis,
1792 1144 1820 1166 ut
1840 1146 1894 1166 una
1911 1147 1979 1166 cum
1998 1137 2135 1168 Reisloria
2152 1136 2277 1168 Ecclelie

1244 1174 1387 1204 arochialis
1400 1174 1436 1204 de
1451 1174 1520 1213 Wcst
1536 1173 1660 1204 Clandon
1678 1173 1793 1203 Dioces’
1812 1176 1931 1205 Winton
1954 1176 2054 1213 (quarn
2071 1177 2127 1212 jam
2151 1177 2274 1212 obtinet)

1219 1211 1364 1242 Vicariam
1378 1221 1543 1250 perpetuam
1558 1211 1685 1242 Ecclelie
1700 1211 1869 1242 Parochialis
1884 1213 1918 1242 de
1934 1216 2009 1243 Send
2021 1214 2144 1252 ejusdem
2160 1214 2276 1246 Dioces’

1222 1249 1325 1287 (modo
1339 1260 1398 1280 non
1414 1249 1496 1281 distet
1513 1261 1529 1280 a
1546 1249 1684 1281 Rectoria
1695 1250 1811 1289 predi&
1826 1251 1894 1280 ultra
1907 1251 1966 1282 duo
1982 1253 2094 1282 Milliar’
2112 1252 2155 1283 vel
2172 1264 2208 1284 eo
2224 1255 2278 1283 cira

1219 1289 1302 1325 citer)
1319 1289 1443 1326 recipere
1459 1287 1559 1327 poffit,
1579 1289 1611 1319 δε
1637 1289 1713 1328 quod
1737 1288 1836 1323 vixerit
1861 1291 1988 1319 retinere.
2026 1290 2094 1322 Dat’
2115 1301 2196 1321 nono
2219 1292 2278 1322 Dic

1221 1327 1391 1364 Decembris,
1408 1327 1497 1357 Anno
1515 1326 1641 1357 Domini
1660 1327 1808 1357 millesimo
1823 1328 2022 1359 sexcentesimo
2038 1329 2173 1360 vicesimo
2195 1333 2279 1368 quin-

1222 1372 1270 1401 to,
1289 1364 1321 1395 &
1337 1364 1538 1396 Transsationis
1556 1366 1644 1404 Anno
1659 1366 1772 1396 decimo
1786 1367 1896 1403 quinto.

1258 1402 1461 1434 Confirmatio.
1498 1402 1586 1434 Teste
1604 1403 1688 1446 Rege
1702 1404 1775 1442 apud
1791 1404 2064 1443 Wcstmonaslerium,
2086 1406 2203 1437 decimo
2218 1407 2278 1447 sep-

1222 1442 1297 1473 timo
1310 1442 1357 1473 die
1372 1442 1533 1472 Decembris.

1259 1521 1392 1552 Robertus
1406 1521 1510 1561 lVilfim
1528 1522 1674 1561 Clericus,
1692 1522 1727 1552 A.
1747 1522 1792 1553 M.
1811 1532 1926 1553 necnon
1943 1523 2110 1561 Capelianus
2128 1526 2281 1563 prenobilis

1221 1559 1284 1590 Viri
1298 1560 1409 1590 Roberti
1424 1560 1504 1591 Riche
1523 1561 1627 1592 Militis
1642 1562 1764 1591 Domini
1780 1561 1862 1590 Riche
1876 1562 1990 1592 Baronis
1998 1563 2032 1592 de
2048 1563 2159 1600 Leigbes
2174 1566 2205 1594 &
2215 1564 2277 1594 Co-

1222 1600 1298 1629 mitis
1309 1600 1451 1636 Warwiffl,
1471 1608 1503 1630 ut
1521 1610 1574 1629 una
1591 1609 1659 1631 cum
1677 1599 1809 1629 Rec‘toria
1830 1599 1957 1631 Ecclesie
1975 1601 2142 1632 Parochialis
2157 1603 2192 1632 de
2207 1605 2281 1632 Bar·

1224 1645 1271 1667 ton
1287 1640 1376 1667 Beate
1390 1641 1485 1667 Marie
1500 1640 1528 1667 in
1543 1641 1650 1667 Barton
1664 1636 1781 1675 Bendistr
1800 1637 1914 1669 Dioces’
1929 1641 2085 1669 Norwicen'
2104 1642 2198 1678 (quam
2224 1644 2278 1678 jum

1224 1676 1347 1711 obtinet)
1367 1675 1534 1712 Redioriam
1553 1676 1675 1706 Ecclesie
1695 1676 1860 1706 parochialis
1872 1677 1907 1707 de
1924 1680 2034 1708 Barton
2057 1680 2190 1709 omniurn
2204 1679 2276 1710 Sun-

1225 1714 1339 1744 erorum
1354 1714 1477 1751 ejusdem
1495 1713 1615 1744 Dioces'
1635 1715 1739 1752 (modo
1754 1724 1813 1744 non
1827 1715 1909 1746 distet
1922 1726 1937 1745 a
1955 1718 2039 1753 priori
2050 1718 2120 1747 ultra
2145 1718 2278 1757 Sparsum

1226 1751 1340 1782 Dimid’
1356 1752 1482 1788 Milliar’)
1500 1754 1625 1789 recipere
1641 1752 1744 1789 poffit,
1761 1753 1794 1783 &
1816 1754 1909 1791 quoad
1932 1756 2030 1786 vixerit
2051 1756 2177 1786 retinere.
2212 1756 2280 1787 Dat'

1225 1789 1343 1821 decimo
1359 1799 1461 1829 quarto
1473 1790 1532 1820 Die
1547 1791 1717 1828 Decembris,
1736 1790 1824 1820 Anno
1840 1790 1963 1821 Domini
1981 1793 2128 1823 millesimo
2141 1794 2280 1825 sexcente-

1226 1828 1298 1859 fimo
1315 1829 1452 1859 vicesimo
1465 1830 1586 1868 quinte,
1605 1831 1638 1860 &
1652 1828 1854 1859 Transsationis
1869 1830 1955 1859 Anno
1972 1832 2088 1861 decimo
2102 1834 2211 1870 quinto.

1263 1866 1463 1899 Confirmatio.
1500 1866 1591 1899 Teste
1606 1867 1687 1907 Rege
1704 1867 1779 1906 apud
1793 1867 2063 1909 Westmonasterium,
2082 1870 2201 1901 decimo
2222 1871 2283 1909 sep-

1225 1906 1299 1937 fimo
1316 1906 1374 1938 Die
1390 1905 1553 1937 Decembris.

1265 1982 1428 2014 Willielmus
1443 1984 1528 2014 Wake
1537 1982 1684 2021 Clericus,
1703 1983 1739 2013 A.
1754 1982 1802 2014 M.
1821 1991 1853 2014 ut
1868 1994 1923 2015 una
1934 1993 2002 2016 cum
2014 1984 2151 2016 Rerstoria
2163 1985 2289 2017 Ecclefie

1226 2020 1400 2053 Parochialis
1415 2023 1515 2052 sanae
1532 2020 1570 2056 ώ-
1585 2022 1734 2051 Indzvidue
1751 2026 1900 2052 Trinitatis
1919 2024 1989 2054 infra
2012 2023 2116 2053 Villam
2140 2026 2176 2055 de
2194 2030 2286 2054 Ware-

1230 2059 1296 2090 ham
1320 2059 1441 2092 Dioces'
1464 2060 1591 2099 Brzstoll’
1609 2060 1654 2097 (ad
1671 2070 1757 2098 quam
1778 2062 1944 2099 presentatus
1964 2060 2017 2098 est)
2040 2061 2207 2093 Redioriam
2232 2063 2290 2093 Ec-

1230 2098 1312 2130 clesie
1327 2098 1501 2130 Parochialis
1513 2100 1612 2130 Sanli‘i
1626 2099 1771 2129 Michaelis
1782 2100 1855 2131 infra
1872 2099 1975 2131 Villam
1991 2102 2024 2132 ὃ(
2037 2099 2156 2132 Dioces’
2171 2102 2289 2139 predict’

1229 2138 1353 2177 recipere
1367 2138 1469 2176 poffit,
1487 2138 1521 2169 &
1540 2138 1632 2176 quoad
1648 2139 1748 2168 vixerit
1761 2139 1889 2169 retinere.
1906 2139 1974 2169 Dat’
1990 2139 2108 2169 decimo
2122 2150 2220 2177 quarto
2230 2140 2288 2170 Die

1231 2176 1401 2216 Decembris,
1420 2178 1508 2208 Anno
1523 2175 1649 2207 Domini
1665 2176 1814 2207 millefimo
1831 2177 2034 2208 sexcentesimo
2049 2178 2187 2208 vicesimo
2205 2180 2290 2216 quin-

1231 2223 1280 2254 ιο,
1297 2216 1330 2246 &
1343 2215 1546 2246 Transsationis
1561 2215 1650 2245 Anno
1663 2215 1780 2245 decimo
1796 2216 1908 2254 quinto.

1269 2253 1471 2284 Confirmatio.
1508 2254 1596 2285 Teste
1613 2253 1697 2292 Rege
1709 2254 1781 2292 apud
1796 2253 2072 2293 W'ellmonasterium,
2090 2254 2203 2286 decimo
2225 2255 2284 2294 sep-

1229 2292 1306 2323 timo
1323 2291 1383 2323 Die
1395 2292 1555 2323 Decembris.

1267 2369 1382 2400 Thomas
1398 2369 1536 2400 Prichard
1548 2368 1694 2408 Clericus,
1712 2369 1748 2400 A.
1766 2368 1812 2410 M.
1829 2379 1943 2401 necnon
1958 2369 2124 2409 Capellanus
2139 2371 2292 2409 prenobilis

1232 2409 1372 2438 Edwardi
1390 2408 1517 2439 Comitis
1538 2409 1679 2447 Wigorn’,
1698 2416 1729 2439 ut
1744 2418 1799 2438 una
1815 2418 1883 2439 cuni
1900 2409 2035 2439 Resioria
2062 2409 2185 2439 Ecclelie
2204 2410 2289 2439 Paro-

1235 2447 1332 2477 chialis
1345 2447 1381 2477 de
1396 2447 1564 2487 Letterston’
1577 2447 1695 2477 Dioces’
1709 2447 1871 2482 Meneven')
1893 2457 1979 2484 quam
1990 2448 2050 2485 jam
2064 2448 2187 2482 obtinet)
2205 2447 2291 2479 Vica-

1235 2486 1304 2515 riam
1321 2494 1486 2523 perpetuam
1501 2485 1625 2516 Ecclefie
1640 2484 1813 2516 parochialis
1826 2485 1860 2515 de
1880 2487 2016 2515 Nevarne
2032 2486 2154 2523 ejusdem
2175 2486 2292 2518 Dioces’

1237 2523 1340 2561 (modo
1361 2533 1420 2553 non
1436 2523 1520 2554 distet
1535 2534 1550 2554 a
1566 2524 1705 2555 Resioria
1721 2523 1838 2561 predic?
1855 2523 1925 2554 ultra
1939 2524 2092 2555 duodecim
2104 2524 2231 2560 Milliar')
2250 2536 2292 2554 re-

1234 2563 1329 2598 cipere
1343 2562 1444 2599 poliit,
1463 2563 1495 2591 ὃς
1510 2563 1603 2600 quoad
1620 2563 1721 2593 vixerit
1735 2563 1863 2593 retinere.
1901 2561 1967 2593 Dat'
1983 2563 2100 2593 decimo
2118 2573 2215 2601 quarto
2232 2564 2292 2594 Die

1235 2601 1406 2638 Decembris,
1425 2601 1514 2630 Anno
1531 2600 1656 2630 Domini
1672 2601 1819 2631 millesimo
1832 2600 2034 2631 sexcentesimo
2048 2603 2184 2632 vicesimo
2208 2603 2293 2641 quin-

1235 2647 1284 2676 to,
1303 2639 1334 2669 &
1349 2638 1549 2669 Transsationis
1560 2639 1649 2669 Anno
1665 2639 1782 2670 decimo
1797 2640 1908 2677 quinto.

1270 2676 1470 2708 Confirmatio.
1503 2676 1591 2708 Teste
1606 2677 1688 2717 Rege
1701 2679 1775 2716 apud
1795 2676 2072 2717 lbeslrnonasteriam,
2091 2678 2209 2709 decimo
2231 2678 2291 2718 sep-

1234 2717 1308 2747 timo
1326 2715 1387 2746 Die
1403 2715 1563 2746 Decembris.

1272 2796 1388 2831 Rogerus
1410 2791 1532 2822 Gallard
1548 2791 1695 2832 Clericus,
1711 2793 1747 2832 A,
1768 2793 1814 2824 M.
1833 2802 1948 2824 necnon
1973 2791 2141 2830 Capelianus
2154 2793 2289 2831 prenobi-

1235 2833 1267 2863 lis
1289 2832 1399 2862 Roberti
1420 2830 1547 2861 Comitis
1561 2832 1653 2871 Sufflx
1666 2855 1675 2870 ,
1696 2840 1728 2863 ut
1745 2843 1798 2863 una
1811 2842 1880 2862 cum
1903 2831 2039 2861 Redioria
2060 2832 2186 2862 Ecclelie
2206 2831 2292 2861 Paro-

1236 2871 1333 2902 chialis
1358 2871 1394 2900 de
1417 2870 1630 2907 Wrenningbam
1651 2870 1767 2901 Dioces'
1791 2870 1951 2900 Norwicen’
1967 2872 2064 2907 (quarn
2084 2871 2139 2907 jam
2163 2870 2288 2907 obtinet)

1238 2910 1406 2940 Re&oriam
1424 2908 1549 2939 Ecclelie
1567 2909 1737 2939 parochialis
1753 2910 1790 2939 de
1803 2907 1934 2946 Astywell
1952 2908 2052 2945 Thorpe
2070 2908 2193 2946 ejusdcm
2217 2907 2294 2938 Dio-

1237 2948 1292 2978 ces'
1311 2947 1413 2986 (modo
1426 2957 1485 2977 non
1504 2946 1588 2977 distet
1601 2957 1616 2977 a
1636 2950 1720 2985 priori
1739 2949 1806 2977 ultra
1827 2948 1955 2985 Spatium
1973 2948 2055 2976 unius
2076 2946 2202 2983 Milliar')
2224 2947 2294 2977 reci-

1236 2996 1305 3025 pere
1320 2985 1405 3024 poffit
1416 3009 1425 3024 ,
1441 2987 1474 3017 δί
1491 2985 1585 3023 quoad
1607 2987 1706 3016 vixerit
1723 2988 1849 3017 retinere.
1885 2984 1953 3015 Dat’
1975 2984 2092 3015 decimo
2116 2986 2219 3022 quinto
2238 2985 2295 3014 Die

1238 3026 1348 3057 Mensis
1359 3023 1526 3061 Decembris,
1545 3024 1633 3054 Anno
1641 3024 1766 3054 Domini
1775 3023 1925 3054 millefimo
1939 3023 2142 3054 sexcentefimo
2157 3023 2291 3053 vicelimo

1237 3067 1355 3104 quinto,
1373 3064 1392 3084 *²
1408 3064 1440 3094 &
1455 3061 1657 3093 Transsationis
1675 3063 1762 3093 Anno
1775 3063 1892 3093 decimo
1906 3062 2016 3099 quinto.
2304 3060 2443 3094 *XVIIL

1274 3102 1476 3133 Confirmatio.
1513 3100 1603 3131 Teste
1620 3100 1704 3141 Rege
1717 3102 1790 3140 apud
1806 3099 2080 3141 leestmanasterium,
2098 3100 2211 3130 decimo
2232 3099 2289 3137 sep·
2305 3101 2369 3134 667.

1237 3143 1313 3175 timo
1328 3140 1387 3171 Die
1401 3139 1563 3170 Decembris.

1277 3217 1438 3247 Edmundus
1455 3215 1608 3256 Mapletoft
1624 3216 1771 3256 Clericus,
1790 3218 1825 3247 A.
1846 3215 1894 3247 M.
1912 3226 2029 3248 necnon
2045 3214 2208 3251 Capelianus
2230 3223 2294 3256 pre-

1239 3257 1343 3288 nobilis
1355 3256 1451 3285 Thome
1465 3255 1591 3286 Comitis
1604 3255 1809 3295 Southampton’
1827 3265 1856 3285 ut
1872 3265 1925 3285 una
1941 3265 2009 3285 curn
2022 3253 2156 3295 Redi-orii
2165 3251 2292 3295 Ecclelie

1241 3295 1411 3327 Parochialis
1426 3294 1461 3324 de
1476 3293 1643 3332 Holbrooke,
1662 3295 1780 3325 Dioces’
1793 3294 1964 3323 Norwicens'
1981 3294 2076 3329 (quam
2093 3300 2147 3326 iam
2164 3292 2288 3334 optinet)

1244 3334 1385 3364 Vicariam
1401 3341 1566 3370 perpetuam
1584 3332 1710 3364 Ecclefie
1734 3333 1904 3363 Parochialis
1928 3332 1963 3361 de
1985 3328 2145 3359 Faltenham
2168 3330 2290 3365 ejusdem

1243 3372 1362 3404 Dioces'
1389 3370 1492 3408 (modo
1512 3381 1573 3401 non
1596 3371 1678 3401 distet
1703 3382 1719 3401 a
1744 3371 1881 3401 Redioria
1906 3368 2029 3407 predicta
2050 3367 2118 3397 ultra
2135 3367 2290 3398 duodecim

1243 3408 1371 3447 Milliar')
1391 3410 1512 3446 recipere
1529 3409 1627 3447 possit,
1646 3411 1679 3441 &
1696 3410 1788 3448 quoad
1803 3410 1902 3439 vixerit
1924 3408 2050 3449 retinere.
2086 3404 2154 3435 Dat’
2176 3406 2291 3450 decimo

1242 3450 1361 3487 septimo
1377 3447 1435 3477 Die
1447 3448 1602 3477 Decembris
1616 3449 1703 3477 Anno
1717 3449 1841 3477 Domini
1865 3446 2011 3476 millesimo
2028 3444 2228 3486 sexcentesimo
2250 3455 2292 3475 vr-

1243 3488 1349 3520 cefimo
1364 3487 1480 3524 quinto,
1498 3486 1531 3516 &
1545 3486 1746 3516 Transsationis
1761 3487 1847 3516 Anno
1861 3485 1974 3514 decimo
1991 3489 2099 3518 quinto.
2139 3520 2143 3524 ι
2272 3520 2277 3525 ⁵

1281 3523 1482 3556 Confirmatio.
1517 3523 1606 3556 Teste
1619 3524 1701 3564 Rege
1713 3524 1786 3562 apud
1798 3520 2062 3562 Waestmcnasterium,
2081 3519 2199 3550 decimo
2212 3520 2292 3558 septi·

1243 3575 1295 3596 mo
1308 3564 1369 3594 Die
1379 3563 1542 3593 Decembris.

1282 3639 1425 3671 Matthias
1449 3638 1603 3677 Milward,
1625 3639 1771 3675 Clericus,
1790 3637 1819 3668 S.
1836 3637 1877 3667 T.
1897 3633 1928 3665 B.
1946 3642 1978 3665 ut
1997 3644 2051 3664 una
2065 3644 2135 3664 cum
2150 3634 2293 3678 ⁴Redfflsoriii

1245 3678 1370 3710 Ecclcsie
1386 3677 1558 3707 parochialis
1571 3679 1606 3708 de
1621 3681 1744 3707 Barnett
1762 3675 1876 3706 Dioces’
1891 3673 2017 3717 Lorrdon’
2038 3673 2204 3716 (quamtjam
2216 3675 2294 3704 obti-

1245 3718 1305 3753 net)
1326 3715 1352 3745 V
1356 3717 1467 3746 icariam
1483 3724 1644 3755 perpetuam
1659 3715 1781 3745 Ecclesre
1798 3712 1965 3743 parochialis
1985 3712 2020 3741 de
2038 3710 2197 3740 Aldenham
2221 3711 2293 3740 1)ιο-

1248 3757 1304 3788 ces’
1319 3753 1442 3784 Lincoln‘
1453 3756 1519 3792 (que
1533 3764 1591 3784 non
1608 3753 1689 3784 distat
1702 3763 1717 3783 a
1734 3753 1868 3782 Recioria
1884 3750 2006 3787 predishi
2021 3749 2090 3779 ultra
2104 3751 2206 3780 decem
2219 3749 2292 3778 Mil-

1246 3794 1313 3830 liar')
1321 3793 1446 3828 recipere
1462 3792 1544 3828 poffit
1555 3794 1605 3829 ,&
1621 3792 1712 3829 quoad
1723 3791 1820 3821 vixerit
1835 3790 1958 3819 retinere.
1977 3788 2294 3818 Dat'vicefimostzcun-

1249 3835 1288 3865 do
1304 3833 1349 3862 die
1357 3830 1510 3860 Decembris
1516 3830 1661 3860 millesimo
1675 3828 1873 3859 sexcentesimo
1883 3827 2141 3865 vicesimoquinto,
2150 3828 2181 3856 &
2189 3826 2297 3856 Trans·

1249 3872 1359 3904 lationis
1382 3870 1469 3900 Anno
1481 3869 1595 3898 decimo
1611 3868 1721 3904 quinto.

1290 3908 1489 3940 Confirmatio.
1524 3905 1614 3936 Teste
1632 3905 1711 3943 Rege
1725 3903 1798 3941 apud
1814 3902 2087 3944 westmonasterium,
2104 3902 2239 3934 vicesimo
2258 3903 2299 3934 se-

1255 3948 1350 3980 cundo
1365 3946 1422 3977 Die
1438 3945 1599 3974 Decembris.

1293 3983 1412 4015 Samuell
1422 3983 1485 4012 Fell
1497 3981 1638 4018 Clericus,
1657 3980 1686 4010 S.
1701 3979 1742 4010 T.
1758 3978 1791 4008 P.
1809 3989 1922 4009 necnon
1939 3979 2098 4010 serenissimi
2111 3979 2233 4010 Domini
2245 3980 2303 4010 Re-

1257 4026 1300 4063 gis
1313 4021 1493 4061 Capeliano?
1506 4019 1627 4051 ordinar'
1642 4028 1728 4056 unuS,
1745 4027 1776 4049 ut
1786 4028 1838 4049 una
1846 4027 1915 4049 cum
1925 4018 2062 4050 Restoria
2075 4018 2201 4050 Ecclelie
2219 4017 2308 4085 P'ss‘*

2237 4066 2253 4087 C
2266 4066 2312 4086 flii*
