2536 4255
657 127 766 170 ET
850 125 1121 167 ACTA

1204 120 1678 170 PUBLICA.

2187 133 2296 184 105*

0 227 41 250 m,
54 214 98 247 D,
114 217 159 246 Sir
171 214 253 255 John
268 215 386 253 Burlasy
400 215 455 247 and
469 217 511 246 Sir
532 215 631 253 James
654 211 824 251 Levingston
848 212 1048 252 respee‘tiveiy,
1068 211 1096 241 in
1113 208 1169 240 and
1199 207 1295 246 [ἔπιες
1309 219 1340 238 ou
1361 209 1420 239 leur
1442 212 1669 251 Enregistrement
1686 211 1743 241 leur
1758 209 1897 250 sprviront
1915 213 1934 245 ἂ
1955 221 2014 246 tous
2028 212 2264 255 d'aulorite‘fuffi'-
2289 214 2366 246 Ami.
2381 214 2423 257 Q

0 307 16 323 Ι.
34 305 59 322 2.

0 344 26 362 ΙΥ.
44 343 68 362 1-

0 2599 44 2636 78.

111 300 194 330 porte
207 293 262 323 and
279 301 343 324 true
358 293 500 329 Meaning
513 292 550 321 of
555 292 603 321 the
615 291 707 327 same,
725 300 753 319 as
765 290 831 327 they
846 288 1018 319 willanswer
1032 289 1082 319 the
1095 297 1169 318 con—

110 339 183 371 trary
199 340 226 360 at
248 331 320 362 their
335 330 486 362 uttermost
501 329 615 366 Perills,
635 327 701 358 And
714 327 799 359 theise
817 326 975 369 Presentes,
990 337 1023 356 or
1044 327 1095 357 the
1117 325 1166 354 ln-

109 370 249 399 rolmente
264 369 392 406 thereof,
413 368 478 399 shall
494 368 529 397 be
547 375 618 396 unto
633 366 712 396 them
729 365 784 395 and
800 374 892 394 evene
910 364 945 393 of
961 366 1042 395 them
1054 374 1072 406 a
1091 363 1166 393 suffi-

107 408 185 438 cient
201 408 353 439 Warrante
369 408 414 438 for
432 406 481 436 the
494 405 602 440 doeing
624 404 678 434 and
699 404 846 446 executing
861 402 897 431 of
908 402 944 432 all
966 403 1021 433 and
1045 402 1167 441 singuler

108 446 158 476 the
173 445 324 477 Premiffes
337 444 492 481 according
506 451 538 474 to
555 442 605 472 the
620 451 682 473 true
696 441 838 479 Meamng
851 440 960 471 hereof.

144 520 178 552 In
194 522 325 559 Witnes,
343 519 404 555 &a

144 599 262 629 Witnes
282 597 347 627 Our
362 596 414 628 self
423 603 450 626 at
462 593 659 635 Wstminster,
675 594 722 625 the
737 593 813 625 three
825 594 886 624 and
894 593 1046 625 twentieth
1063 596 1126 632 Day
1136 592 1172 632 of

109 637 232 669 october.
776 673 831 701 Per
849 670 933 710 ipſsmz
952 673 1059 709 Regem.

106 805 156 839 De
178 803 350 848 Conceffione
372 807 542 853 Dignitatis
565 805 690 835 Baronis
713 806 838 836 Comitis
867 801 1015 836 Edvara'o
1037 805 1167 838 Domino

342 856 446 902 Denny
456 851 517 896 fibi
539 863 575 884 ac
595 850 764 885 Heredibus
784 850 932 896 muſsulis.

104 946 242 1005 REX,
262 945 324 980 &cl
348 945 575 983 Archiepiscopis
592 945 726 976 Ducibus
750 943 969 976 Marchionibus
993 945 1163 977 Comitibus

176 986 405 1016 Vicecomitibus
421 985 569 1023 Episcopis
585 983 740 1014 Baronibus
755 982 895 1015 Militibus
908 982 1074 1023 Prepositis,
1091 986 1161 1015 libe-

102 1025 139 1053 ris
155 1023 352 1062 Hominibus,
370 1033 402 1054 ac
417 1024 552 1054 omnibus
571 1022 725 1053 Officiariis
749 1021 891 1053 Ministris
907 1024 939 1053 &
963 1023 1087 1053 Subditis
1107 1033 1162 1052 no-

101 1061 161 1092 stris
175 1064 405 1101 quibuscunque,
431 1062 464 1092 ad
480 1071 553 1100 quos
576 1062 714 1098 presentes
732 1061 829 1091 Litere
846 1063 1061 1098 perveneriunt,
1086 1060 1165 1091 Salu-

102 1109 171 1133 tem.

138 1139 292 1178 Majestas,
310 1140 343 1171 ὃς
370 1137 573 1169 Munificentia
596 1137 705 1175 Regia,
731 1138 760 1166 in
786 1136 877 1166 nihilo
901 1136 1026 1167 clarescit
1054 1138 1160 1176 magis,

102 1187 190 1216 quam
198 1180 265 1209 cum
277 1179 328 1208 viri
342 1178 447 1216 egregii
461 1187 476 1206 a
491 1175 644 1208 clarissimis
655 1176 729 1214 orti,
740 1175 787 1212 qui
803 1175 1055 1206 virtutumsuarum
1068 1175 1158 1213 splen-

102 1218 172 1247 do're
188 1218 248 1248 aliis
261 1217 287 1247 se
301 1217 429 1247 clariores
446 1215 585 1252 reddunt,
604 1214 765 1244 Honorum
786 1214 875 1243 titulis
894 1214 1030 1244 virtutum
1047 1215 1160 1253 premiis

100 1256 304 1298 insigniuntur,
323 1254 401 1285 hisce
419 1253 522 1284 Motus
535 1251 722 1284 inclitissimus
737 1250 818 1280 Pater
832 1250 926 1282 noster
946 1253 1025 1282 beate
1044 1262 1158 1283 memo-

100 1295 157 1332 rie,
173 1295 234 1332 jam
249 1294 402 1327 deiundtus
414 1291 578 1323 Edvardum
593 1293 693 1329 Denny
708 1288 833 1320 Militem
848 1290 882 1319 ab
903 1291 1017 1328 antiqua
1039 1294 1159 1321 Dennio-

100 1343 161 1362 rum
174 1333 279 1363 familia
294 1340 482 1370 prognatum,
499 1333 612 1365 (utpote
627 1328 708 1365 cujus
724 1328 802 1357 Avus
823 1326 986 1361 Anthemius
1002 1332 1101 1369 Denny
1117 1330 1158 1360 E-

100 1372 218 1410 questris
235 1371 352 1401 Ordinis
366 1366 613 1407 prepotentiffimo
628 1365 821 1396 Predecessori
835 1366 924 1396 nostri
941 1366 1058 1398 Henrico
1072 1370 1159 1398 Οέῖα-

101 1419 140 1439 vo
155 1419 169 1440 a
186 1410 273 1441 cubili
287 1409 357 1444 fuit,
376 1407 409 1436 &
424 1416 473 1442 per
489 1405 594 1435 multos
611 1403 714 1434 Annos
736 1404 808 1435 adeo
829 1404 948 1436 fideliter
964 1406 1109 1437 inservivit
1126 1416 1158 1438 ut

101 1456 234 1486 tempore
255 1446 354 1477 mortis
367 1445 412 1476 sue
432 1445 516 1482 (inter
539 1442 607 1472 alios
627 1442 681 1472 fide
703 1442 891 1481 dignissimos)
917 1454 989 1475 unus
1012 1445 1160 1476 Executo-

101 1496 166 1517 rum
181 1484 358 1516 Testamenti
371 1484 404 1514 &
419 1483 521 1513 ultime
531 1480 694 1512 Voluntatis
709 1480 779 1511 dieti
796 1482 885 1518 Regis
907 1483 1074 1514 constitutus
1088 1486 1158 1522 erat)

100 1526 135 1555 ad
149 1525 291 1554 honorem
303 1522 464 1560 &gradum
477 1522 595 1550 Barcinis
601 1523 700 1559 Denny
713 1520 745 1549 de
756 1520 901 1551 Waltham
915 1523 1019 1560 erexit,
1033 1523 1089 1553 hec
1098 1533 1160 1560 nos,

103 1563 248 1601 multaque
259 1562 316 1592 alio
332 1560 429 1599 Regio
445 1561 546 1590 intuitu
562 1558 756 1596 respicientes,
773 1560 955 1591 observantes
970 1570 1004 1590 ue
1018 1569 1118 1599 quanta
1134 1561 1161 1591 se

100 1601 247 1641 prudentia
259 1600 293 1631 δε
315 1608 435 1630 morum
455 1598 589 1630 suavitate
604 1597 649 1627 sua
671 1597 798 1635 religiose
820 1607 908 1636 quam
928 1598 945 1628 fi
968 1599 1064 1637 eliter,
1081 1600 1160 1629 deni-

102 1650 159 1678 que
173 1641 258 1680 qu'am
272 1638 310 1669 sui
324 1638 445 1669 similem
462 1637 487 1667 se
506 1635 635 1675 gesserit,
653 1636 790 1674 &stoque
812 1635 885 1666 Patri
904 1637 1002 1667 nostro
1027 1639 1060 1669 &
1075 1639 1161 1668 nobis

100 1679 274 1715 inservierit,
293 1687 359 1708 eum
374 1677 496 1714 dignum
514 1674 570 1705 esse
585 1674 780 1713 decrevimus,
796 1684 881 1713 quem
895 1676 925 1706 in
935 1685 1089 1707 numerum
1098 1675 1162 1707 Co-

105 1719 210 1749 mitum
226 1718 309 1755 hujus
326 1717 420 1754 Regni
438 1714 526 1744 nostri
540 1713 732 1743 eveheremus.

143 1756 243 1787 Sciatis
258 1758 340 1794 igitur
362 1753 441 1792 quod
458 1752 543 1789 Nos,
560 1752 595 1781 de
616 1753 704 1789 gratia
720 1751 816 1782 nostra
832 1752 957 1792 speciali,
975 1763 1007 1784 ac
1031 1763 1068 1785 ex
1089 1761 1166 1785 certa

106 1794 227 1825 Scientia
235 1795 268 1825 δε
278 1803 358 1824 mero
367 1792 458 1824 Motu
469 1790 737 1828 nostris‚praefatum
747 1792 912 1822 Edvara'um
920 1795 1056 1822 Baronem
1067 1795 1168 1831 Denny

104 1833 136 1863 de
146 1833 289 1864 Wltham
303 1832 465 1871 predictum
474 1853 484 1869 ,
498 1829 532 1860 ad
541 1828 650 1860 Statum
666 1827 884 1873 Dignitatem&
893 1830 1050 1862 Honorem
1058 1835 1170 1861 Comitis

106 1873 235 1902 Norwici
249 1872 389 1902 ereximus
404 1869 575 1908 prefecimus
594 1868 627 1911 ὃς
642 1877 814 1905 creavimus,
832 1868 979 1907 ipsumque
1001 1871 1168 1901 Edvardum

106 1913 239 1941 Comitem
253 1912 378 1940 Norwici
393 1909 515 1940 facimus
530 1905 693 1946 preficimus
716 1906 915 1938 constituimus
929 1910 962 1941 &
979 1919 1107 1940 creamus
1120 1919 1167 1945 per

105 1949 260 1987 presentes,
279 1947 428 1986 eidemque
440 1945 575 1976 Edvardo
589 1946 698 1975 Nomen
714 1944 825 1976 Statum
841 1945 971 1977 Gradum
987 1947 1091 1979 Stilum
1112 1947 1168 1978 Di-

107 1989 246 2026 gnitatem
263 1986 399 2018 Titulum
416 1986 448 2017 &
464 1984 620 2016 Honorem
635 1986 746 2014 comitis
769 1985 896 2014 Norwici
913 1986 1101 2025 imposuimus
1118 1987 1168 2018 de-

108 2027 204 2057 dimus
220 2027 253 2057 &
267 2026 448 2063 prebuimus,
465 2033 498 2054 ac
513 2033 562 2061 per
575 2022 713 2062 presentes
736 2023 915 2060 imponimus
935 2025 1034 2055 damus
1057 2025 1090 2056 &
1107 2035 1169 2063 pre-

109 2066 213 2095 bemus
223 2088 232 2102 ,
249 2074 283 2095 ac
300 2062 388 2102 ipsum
402 2062 570 2093 Edvardum
586 2061 745 2099 hujusmodi
760 2061 896 2092 Nomine
909 2060 989 2094 Statu
1004 2063 1104 2094 Gradu
1113 2064 1169 2094 Sti-

109 2103 141 2134 lo
158 2103 309 2142 Dignitate
324 2102 427 2133 Titulo
444 2102 476 2133 &
491 2100 615 2131 Honore
623 2102 735 2130 Comitis
742 2101 884 2143 Noswici,
902 2111 951 2140 per
962 2101 1044 2141 gladii
1058 2103 1171 2134 cinito-

110 2151 190 2179 ram,
208 2142 287 2181 Cape
301 2140 432 2171 Honoris
444 2141 477 2171 &
495 2139 593 2170 circuli
605 2140 681 2169 aurei
698 2140 930 2179 impositionem,
948 2140 1111 2181 insignimus
1127 2143 1171 2172 in-

110 2181 250 2212 vestimus
266 2182 299 2212 &
317 2180 425 2211 realiter
441 2178 621 2209 nobilitamus
637 2187 686 2215 per
702 2177 858 2216 presentes,

147 2218 327 2250 Habendum
341 2220 374 2250 &
388 2217 542 2248 tenendum
557 2215 683 2247 Nomen
697 2216 810 2247 Statum
833 2217 965 2249 Gradum
987 2218 1092 2250 Stilum
1113 2218 1171 2249 Di-

108 2259 250 2295 gnitatem
262 2257 396 2288 Titulum
411 2258 444 2288 &
457 2255 614 2286 Honorem
627 2257 736 2284 Comitis
751 2256 878 2286 Norwici
892 2256 1033 2296 prediCta,
1052 2267 1122 2287 cum
1137 2268 1172 2288 o-

116 2297 202 2327 nibus
215 2297 247 2326 &
263 2295 374 2335 singulis
387 2294 616 2334 preheminentiis
627 2294 747 2324 honoris
760 2294 915 2332 ceterisque
928 2295 1092 2334 hujusmodl
1104 2295 1175 2326 No*

115 2335 190 2364 mini
205 2334 297 2364 Statui
309 2334 418 2365 Gradui
433 2332 505 2364 Stilo
520 2332 660 2371 Dignitati
674 2331 778 2362 Titulo
792 2334 826 2365 &
840 2333 953 2364 Honori
967 2333 1095 2365 Comitis
1111 2344 1176 2372 per-

112 2373 191 2403 tinen
198 2373 272 2403 tibus
287 2372 344 2403 five
359 2372 561 2409 spectantibus2
575 2370 684 2408 prefato
697 2370 832 2401 Edvardo
841 2373 874 2404 &
888 2371 1051 2403 Heredibus
1058 2372 1177 2404 Mascu-

113 2411 149 2442 lis
165 2411 201 2442 de
218 2409 352 2449 Corpore
364 2411 415 2441 suo
431 2409 597 2452 exeuntibus
612 2410 838 2448 imperpetuum,
857 2410 984 2442 volentes
1000 2412 1033 2443 &
1048 2421 1097 2449 per
1113 2421 1176 2450 pre-

115 2449 206 2481 sentes
221 2449 433 2485 concedentes,
448 2458 501 2486 pro
522 2448 606 2477 nobis
619 2471 629 2486 ,
647 2446 809 2478 Heredibus
832 2449 866 2480 &
885 2448 1099 2480 Succefforibus
1123 2460 1178 2480 no-

119 2487 196 2528 stris,
214 2487 291 2526 quod
306 2487 449 2527 predictus
465 2485 620 2530 Edvarilus
636 2486 669 2517 &
688 2485 816 2530 Heredes
836 2487 876 2518 sui
897 2487 1019 2519 Masculi
1039 2488 1179 2528 predicti,

117 2527 246 2558 Nomen
261 2526 372 2557 Statum
390 2524 524 2556 Gradum
538 2524 640 2555 Stilum
666 2523 846 2562 Dignitatem
863 2525 998 2557 Titulum
1019 2527 1053 2558 δε
1071 2526 1180 2557 Hono-

0 2560 178 2597 XV111·rem
199 2566 219 2585 ²*
235 2566 362 2603 predicta
375 2563 527 2595 succeffive
540 2571 639 2602 gerant
656 2563 690 2593 &
708 2563 828 2594 habeant
843 2566 877 2596 &
887 2575 989 2596 eorum
1005 2565 1122 2610 quilibet
1129 2575 1180 2605 ge-

121 2606 206 2637 rat&
224 2604 342 2642 habeat,
359 2605 392 2635 &
407 2611 456 2641 per
473 2601 599 2632 Nomen
615 2604 726 2631 Comitis
739 2603 864 2632 Nirwici
880 2603 1032 2635 successive
1051 2614 1181 2636 vociten-

119 2651 166 2675 tur
186 2645 220 2676 ὃς
237 2651 440 2680 nuncupentur
456 2641 489 2671 &
510 2649 613 2670 eorum
633 2641 753 2677 quilibet
769 2643 911 2673 vocitetur
933 2644 966 2675 δι
984 2652 1181 2681 nuncupetur,

122 2682 256 2722 quodque
270 2682 347 2712 idem
363 2679 516 2711 Edvardus
529 2679 562 2709 &
577 2678 705 2710 Heredes
718 2678 759 2709 sui
776 2679 899 2710 Masculi
915 2681 1033 2719 predicti
1050 2681 1180 2713 successi-

122 2732 159 2752 ve
173 2721 305 2752 Comites
327 2721 357 2750 in
374 2719 512 2750 omnibus
528 2725 673 2748 teneantur
686 2740 695 2755 ,
713 2719 747 2749 ὃς
769 2727 799 2750 ut
821 2718 953 2750 Comites
975 2720 1128 2751 natentur
1147 2721 1181 2752 &

121 2768 300 2798 reputentur,
319 2759 352 2790 &
368 2766 471 2789 eorum
484 2756 603 2794 quilibet
618 2763 742 2788 teneatur
753 2757 888 2789 traustetur
903 2759 937 2789 &
953 2768 1111 2797 reputetur,
1130 2759 1182 2790 ha-

121 2799 262 2836 beantque
277 2804 391 2829 teneant
400 2797 432 2828 &
442 2794 597 2833 poffideant
611 2794 704 2825 dietus
716 2794 868 2826 Edvardus
877 2798 910 2829 &
921 2797 1049 2829 Heredes
1064 2797 1180 2829 suiMa-

123 2836 191 2867 sculi
208 2836 328 2874 predicti
338 2860 348 2874 ,
365 2835 398 2866 &
412 2843 513 2865 eorum
528 2834 645 2872 quilibet
660 2834 760 2864 habeat
773 2843 867 2865 teneat
880 2838 912 2867 &
925 2836 1061 2873 possideat
1077 2836 1181 2867 Sedem

126 2874 243 2905 Locum
258 2876 291 2905 &
306 2873 424 2905 Vocem
438 2874 468 2903 iri
481 2871 673 2903 Parliamentis
687 2871 786 2902 nostris
808 2873 958 2905 Heredum
981 2877 1015 2907 &
1031 2875 1182 2906 Successo-

127 2922 194 2943 rum
209 2913 371 2943 nostrorum
386 2911 458 2942 infra
472 2910 611 2949 Regnum
626 2909 759 2941 nostrum
775 2911 878 2949 Anglie
895 2914 981 2944 (inter
993 2914 1060 2944 alios
1076 2913 1181 2944 Comi-

124 2951 178 2986 tes)
199 2958 229 2980 ut
251 2954 340 2980 comes
362 2952 507 2988 Norwici,
523 2958 640 2980 necnon
661 2948 753 2979 dietus
772 2949 924 2981 Edvardus
946 2953 980 2983 &
999 2951 1127 2982 Heredes
1141 2953 1181 2984 sui

128 2988 251 3020 Masculi
271 2988 390 3026 predidti
402 2987 539 3027 gaudeant
555 2988 589 3018 ὅτ,
604 2995 733 3024 utantur,
752 2988 786 3018 δε
808 2998 911 3019 eorum
928 2990 1046 3027 quilibet
1065 2990 1184 3028 gaudeat

127 3030 162 3060 &
177 3036 285 3064 utatur,
304 3035 352 3064 per
363 3025 489 3056 Nomen
502 3028 614 3056 Comitis
630 3026 771 3064 Norwici,
785 3028 922 3057 omnibus
937 3030 971 3060 ὃς
986 3029 1096 3067 singulis
1107 3029 1184 3066 Juri-

128 3068 199 3102 bus,
220 3064 375 3104 Privilegiis
391 3063 626 3095 Preheminentiis
645 3064 679 3095 &
702 3063 935 3096 Immunitatibus
958 3067 1047 3098 Statui
1065 3067 1184 3099 Honori

129 3105 162 3136 &
176 3104 318 3144 Dignitati
337 3101 463 3133 Comitis
477 3103 506 3131 in
521 3102 658 3132 omnibus
670 3103 720 3132 rite
734 3104 768 3133 &
781 3103 882 3142 dejure
895 3106 1186 3145 pertinentibus,qui-

127 3145 182 3174 bus
196 3143 282 3174 ceteri
302 3141 435 3172 Comites
453 3139 524 3170 dieti
545 3139 640 3179 Regni
661 3140 751 3170 nostri
762 3142 866 3180 Anglie
883 3153 946 3174 ante
972 3144 1027 3175 hec
1053 3153 1184 3183 tempora

129 3182 231 3213 melius
247 3180 392 3219 decentius
409 3177 646 3210 honorificentius
659 3180 693 3211 δε
707 3180 828 3218 quietius
842 3181 881 3212 usi
896 3182 929 3213 ὃς
942 3183 1029 3223 gavisi
1044 3183 1122 3223 sunt,
1138 3184 1185 3215 seu

129 3222 161 3251 in
194 3220 291 3252 resenti
305 3218 429 3258 gaudent
444 3218 478 3248 &
491 3225 618 3248 utuntur.

195 3268 207 3290 t
222 3259 287 3297 quia
301 3259 443 3288 crescente
458 3256 549 3292 Status
567 3255 697 3286 Honoris
712 3257 745 3288 &
768 3256 922 3297 Dignitatis
942 3258 1115 3292 Celsitudine
1137 3272 1187 3293 ne-

129 3298 250 3330 cessario
263 3296 392 3327 crescunt
409 3294 544 3332 Sumptus
555 3296 591 3339 βε
603 3295 700 3325 Onera
713 3296 877 3335 grandiora,
896 3299 930 3329 &
940 3308 968 3329 ut
982 3300 1058 3331 idem
1072 3301 1192 3331 Edwar-

132 3338 183 3368 dus
196 3337 229 3367 &
243 3334 368 3366 Heredes
383 3333 424 3363 sui
440 3333 562 3364 Masculi
576 3334 696 3371 predieti
714 3335 811 3365 melius
829 3335 974 3367 decentius
997 3339 1031 3370 &
1053 3338 1191 3370 honorifi-

132 3376 246 3407 centius
261 3374 371 3405 Statum
387 3371 540 3402 Honorem
554 3372 588 3403 δε
604 3372 781 3411 Dignitatem
794 3374 913 3411 prediffl
927 3379 1038 3405 Comitis
1051 3379 1193 3416 Norwici,

132 3424 168 3445 ac
184 3423 270 3444 onera
284 3411 333 3450 ipsi
346 3409 485 3440 Edvardo
499 3411 532 3442 δε
548 3409 710 3441 Heredibus
726 3411 777 3441 suis
787 3411 919 3443 Masculis
932 3415 1065 3452 predic‘tis
1079 3417 1191 3446 incum-

132 3453 229 3483 bentia
247 3458 427 3481 manutenere
440 3449 638 3486 &supportare
648 3450 754 3480 valeant
769 3452 802 3482 &
811 3451 932 3490 possint,
950 3452 1015 3483 ideo
1023 3454 1058 3484 de
1069 3454 1192 3485 uberiori

154 3491 219 3522 ratia
233 3489 328 3519 nostra
343 3488 471 3518 dedimus
487 3487 521 3518 &
534 3487 723 3518 concessimus
734 3499 767 3519 ac
777 3512 786 3527 ,
805 3499 853 3528 per
867 3492 1020 3528 presentes,
1036 3502 1088 3530 pro
1106 3494 1192 3523 nobis

133 3499 293 3560 sieredibus
309 3529 342 3559 &
354 3524 566 3557 Successoribus
580 3524 680 3555 nostris
700 3526 798 3557 damus
818 3529 852 3559 &
872 3529 1056 3561 concedimus
1082 3531 1191 3567 prefato

137 3567 272 3598 Edvardo
286 3566 319 3597 &
333 3564 491 3595 Heredibus
505 3562 557 3593 suis
579 3561 712 3594 Masculis
734 3566 864 3602 predictis
887 3568 1099 3607 imperpetuum
1119 3569 1191 3600 Feo-

133 3607 203 3636 dum
216 3606 272 3636 five
284 3604 447 3634 Annualem
462 3601 620 3646 Redditum
633 3605 736 3638 viginti
749 3604 899 3634 Librarum
915 3606 1025 3645 singulis
1035 3608 1122 3637 Annis
1130 3618 1193 3645 per-

137 3644 331 3682 cipiendarum
345 3642 380 3672 ad
394 3641 560 3678 Receptum
575 3639 710 3670 Scaccarii
725 3642 815 3672 nostri
828 3643 977 3674 Heredum
994 3646 1027 3675 δε
1041 3644 1193 3676 Successo—

139 3684 203 3711 rum
219 3681 401 3719 nostrorum,
428 3679 464 3709 de
479 3679 627 3709 Thesauro
651 3677 749 3722 nostr-o
766 3679 913 3711 Heredum
939 3684 973 3713 δε
989 3683 1192 3714 Successorum

139 3720 322 3757 nostroru‘m,
341 3728 390 3758 per
408 3718 513 3748 Manus
527 3716 703 3746 Tliesaurarn
721 3718 753 3747 &
769 3717 999 3751 Camerariorum
1021 3723 1091 3752 dieti
1106 3722 1194 3753 Scac-

140 3759 196 3788 cari
209 3767 262 3794 pro
276 3767 408 3795 tempore
419 3756 616 3792 existentium,
634 3755 668 3786 ad
687 3755 844 3788 Terminos
858 3757 965 3804 Pasche
981 3762 1013 3793 ὃς
1028 3761 1123 3793 SanCti
1135 3765 1193 3792 Mi-

180 4016 254 4045 som.
273 4014 359 4044 Vm.
386 4016 420 4045 Ρ.
433 4016 474 4044 Π.

1208 283 1413 323 conforme‘ment
1427 285 1446 314 ἃ
1464 285 1520 315 leur
1538 291 1604 316 vrai
1615 287 1663 316 but
1682 286 1720 322 ὠ·
1734 288 1839 326 deffl’in.

1246 513 1293 543 En
1309 511 1351 551 foi
1368 512 1400 542 de
1417 516 1494 554 quoi,
1510 512 1572 544 &a⁸

1205 628 1224 658 b
1243 590 1350 620 Te'moin
1364 587 1537 626 nous-77157nes
1553 588 1571 618 ri
1587 587 1789 620 Westminster
1804 588 1830 619 Ie
1844 592 1966 631 vingt&
1981 595 2117 627 troisieme
2131 598 2256 636 d'Oc‘toe

1225 637 1265 658 re.

1853 666 1908 697 Per
1924 668 2013 706 ipsum
2033 670 2155 710 Regem.

1192 742 2238 760 W

1203 787 1300 857 ghaelis
1316 786 1505 826 Archangeli,
1519 796 1568 825 per
1590 787 1703 825 equales
1728 787 1895 826 Portiones,
1912 787 2024 827 singulis
2045 789 2136 822 Annis
2153 792 2259 825 solven⁴

1223 837 1302 857 arum
1312 838 1323 864 3

1239 865 1276 896 Et
1292 864 1369 904 quod
1383 862 1505 903 expressa
1520 864 1630 895 mentio
1641 887 1651 902 ‚
1669 864 1731 896 &c.

1240 940 1275 971 In
1290 941 1369 978 cujus
1387 942 1442 979 rei,
1461 942 1524 973 &c.

1204 1016 1327 1084 Ing-'este
1341 1016 1423 1056 Rege
1443 1017 1517 1056 apud
1538 1015 1820 1057 Wstmonasterium,
1837 1017 1975 1049 vicesimo
1993 1024 2093 1058 quarto
2109 1019 2156 1051 die
2178 1020 2259 1059 Oltmj

1586 1095 1640 1123 Per
1654 1096 1748 1125 Breve
1764 1094 1798 1124 de
1817 1096 1940 1125 Privato
1957 1094 2067 1134 Sigillo,
2087 1095 2150 1131 &60

1199 1220 1248 1252 De
1273 1217 1443 1261 Conceffione
1467 1220 1629 1251 Creationis
1652 1216 1793 1251 Nicholai
1814 1220 1928 1264 Tufton
1958 1221 2079 1253 Militis
2104 1225 2141 1259 ὠ*
2166 1223 2258 1254 Baro-

1300 1271 1374 1300 nctti
1397 1268 1601 1298 in.Baronem
1625 1265 1660 1298 de
1684 1267 1796 1311 Tufton
1818 1271 1849 1299 in
1873 1270 2026 1301 Comitatu
2049 1270 2162 1315 Suffex.

3 255 72 287 626.
113 255 159 284 for
176 256 223 284 the
237 254 396 286 Execution
411 255 448 285 of
457 255 510 285 this
523 255 587 284 Our
603 251 798 282 Commission
814 251 969 287 according
989 260 1020 280 to
1036 251 1085 280 the
1099 248 1171 278 Pur·
1199 246 1302 285 ᾔτηη,
1315 254 1383 283 pour
1391 245 1471 285 faire
1482 260 1513 277 ou
1533 253 1653 278 exe‘cuter
1667 258 1755 279 tontes
1769 251 1804 279 les
1826 253 1910 292 chofis
1929 258 2107 285 mentionne‘es
2128 255 2264 294 cpdeffi‘s,
2311 254 2395 284 1626⁴

2287 296 2339 319 An.
2361 303 2387 319 2⁴

2290 333 2351 368 Car3
2371 340 2395 366 {¹-

1204 1350 1342 1410 REX‚
1359 1352 1420 1384 &c.
1447 1351 1676 1395 Archi-episcopis
1697 1351 1831 1383 Ducibus
1855 1352 2076 1385 Marchionibus
2096 1354 2263 1388 Comitibus
2286 1353 2363 1385 Ann.
2377 1352 2421 1389 Dg

1284 1390 1512 1421 Vicecomitibus
1527 1390 1674 1428 episcopis
1689 1389 1844 1422 Batonibus
1862 1391 2007 1422 Militibus
2016 1392 2176 1430 Praeprofitis
2190 1395 2260 1426 libe—

2306 1395 2393 1423 1626.

1203 1429 1238 1458 ris
1257 1429 1454 1467 Hominibus,
1471 1438 1504 1458 ac
1527 1430 1662 1459 omnibus
1677 1427 1833 1459 Officiariis
1852 1429 1989 1460 Ministris
2009 1432 2042 1462 δί
2067 1432 2191 1463 Subditis
2210 1443 2264 1464 no-
2289 1436 2340 1459 An*
2361 1443 2388 1460 2·

1202 1467 1263 1497 stris
1283 1467 1494 1506 quibuscunque
1508 1490 1518 1505 ,
1545 1467 1579 1497 ad
1598 1477 1669 1506 quos
1689 1466 1824 1506 presentes
1844 1467 1941 1500 Litere
1967 1471 2165 1510 pervenerint,
2183 1471 2265 1503 Salu-
2293 1475 2355 1498 Car.
2377 1480 2402 1499 1·

1205 1515 1275 1537 tem.

2294 1513 2354 1537 ΡΜ.
2377 1517 2403 1535 2.

1240 1543 1323 1575 Cum
1337 1543 1406 1574 nihil
1422 1544 1508 1583 magis
1524 1543 1680 1574 conveniat
1699 1542 1843 1582 Majestati
1861 1546 1894 1576 δε
1910 1545 2068 1577 celsitudini
2082 1547 2174 1586 Regie
2184 1558 2270 1587 quam
2294 1551 2361 1576 Car.
2378 1554 2403 1574 ¹·

1205 1584 1277 1614 inter
1293 1583 1427 1614 Subditos
1441 1583 1521 1619 suOS,
1539 1592 1611 1621 quos
1634 1583 1670 1624 ab
1693 1583 1816 1620 antiquis
1832 1584 1865 1614 ὃς
1887 1585 2027 1622 generosis
2050 1585 2165 1617 familiis
2187 1596 2266 1618 ortos
2288 1592 2316 1622 P·
2333 1594 2360 1620 5·
2424 1618 2427 1621 ,

1204 1624 1238 1653 &
1254 1630 1422 1660 prognatOS,
1440 1622 1537 1664 amplis
1552 1620 1768 1650 Possessionibus
1781 1622 1814 1653 δέ
1830 1622 1963 1653 Fortunis
1986 1623 2102 1662 ditatos,
2122 1626 2155 1655 &
2171 1627 2263 1657 virtu·
2287 1634 2314 1652 ⁷²-
2336 1627 2381 1656 ¹¹⁴¹

1205 1662 1278 1691 tibus
1295 1669 1344 1699 pre
1360 1661 1460 1690 ceteris
1476 1659 1602 1688 imbutos
1619 1660 1792 1697 invenerint,
1810 1669 1859 1690 eos
1873 1660 2041 1692 Honoribus
2059 1663 2092 1693 &
2108 1662 2263 1703 Dignitati—

1207 1700 1259 1729 bus
1272 1698 1401 1737 insignire
1418 1698 1451 1728 ὅτ,
1468 1697 1634 1733 nobilitare,
1654 1705 1684 1726 ut
1702 1707 1803 1728 eorum
1823 1699 1955 1736 exemplo
1967 1702 2056 1737 magis
2077 1703 2174 1732 acriter
2191 1713 2266 1734 con-

1206 1737 1322 1768 tendant
1338 1737 1382 1766 alii
1399 1735 1474 1765 unde
1488 1735 1575 1766 taliter
1594 1734 1728 1764 honorari
1743 1736 1769 1766 se
1786 1736 1890 1774 dignos
1903 1738 1961 1768 effe
1976 1738 2107 1778 reddant,
2127 1741 2195 1771 Nos
2210 1743 2266 1773 hec

1208 1777 1310 1807 intuitu
1327 1775 1420 1813 Regio
1436 1773 1641 1804 considerantes
1660 1774 1692 1804 &
1709 1773 1901 1814 respicientes,
1920 1786 1935 1806 a
1950 1786 2022 1815 quot
2035 1778 2134 1809 seculis
2144 1780 2207 1817 jam
2222 1791 2267 1811 re-

1208 1815 1321 1846 troadtis
1337 1812 1467 1853 generosa
1478 1810 1659 1851 Tuftonorum
1675 1811 1779 1842 familia
1792 1813 1822 1842 in
1835 1812 2026 1846 Comitatibus
2041 1817 2142 1847 nostris
2162 1821 2271 1851 Kantie

1210 1855 1244 1884 &
1257 1852 1505 1892 Suffixaeontinue
1529 1850 1675 1887 floruerit,
1694 1859 1763 1880 cum
1784 1859 1857 1889 quot
1872 1852 2029 1884 Comitum
2051 1854 2270 1888 vicecomitum

1208 1893 1242 1923 &
1258 1892 1400 1922 Beronum
1422 1890 1500 1927 hujus
1520 1889 1614 1927 Regni
1627 1888 1714 1918 nostri
1732 1889 1847 1926 Angliae
1860 1891 2047 1922 nobilioribus
2062 1893 2186 1924 Familiis
2199 1895 2272 1925 San-

1207 1931 1300 1969 guinis
1317 1930 1538 1960 Cornmunione
1550 1927 1707 1965 conjuntsta
1722 1927 1773 1966 sit,
1792 1938 1877 1966 quam
1900 1928 2016 1961 feliciter
2035 1931 2069 1961 ad
2091 1932 2272 1971 amplissimas

1210 1968 1413 2005 possessiones,
1431 1967 1464 1997 δε
1481 1967 1566 1997 lautas
1580 1966 1772 1996 Reventiones
1787 1969 1929 2006 accrevit,
1946 1977 2106 2008 quantaque
2119 1970 2268 2008 prudentia

1208 2007 1372 2038 fortitudine
1388 2006 1422 2037 &
1430 2006 1587 2044 integritate
1595 2029 1604 2047 ,
1622 2004 1772 2034 Nicholaus
1782 2004 1885 2043 Tufton
1894 2006 1980 2038 Miles
1987 2009 2021 2039 &
2028 2007 2193 2040 Baronettus
2202 2010 2275 2041 huc-

1210 2046 1315 2084 cusque
1331 2046 1357 2075 se
1370 2044 1483 2084 gesserit
1497 2045 1531 2074 &
1546 2043 1633 2073 indies
1655 2043 1680 2072 se
1696 2044 1783 2082 gerit,
1805 2045 1883 2075 hunc
1899 2045 2019 2084 dignum
2040 2046 2098 2077 effe
2121 2048 2274 2088 duximus,

1211 2094 1299 2124 quem
1310 2085 1383 2115 inter
1398 2084 1533 2114 Proceres
1545 2083 1578 2113 ὃ(
1596 2080 1746 2120 Magnates
1758 2083 1840 2120 hujus
1855 2083 1952 2123 Regni
1966 2084 2052 2114 nostri
2066 2086 2255 2125 erigeremus:

1250 2123 1350 2154 Sciatis
1366 2123 1452 2159 igitur
1468 2120 1546 2159 quod
1563 2120 1647 2156 Nos,
1666 2120 1701 2150 de
1713 2123 1799 2158 gratia
1821 2122 1914 2152 nostra
1936 2122 2064 2161 speciali,
2083 2134 2117 2155 ac
2140 2135 2174 2155 ex
2197 2135 2274 2157 certa

1211 2162 1334 2194 Scientia
1348 2162 1382 2192 &
1402 2170 1483 2191 mero
1501 2167 1584 2190 motu
1598 2157 1717 2196 nostris,
1736 2159 1887 2196 praefatum
1898 2160 2063 2192 Nicholaum
2077 2161 2194 2201 Tufion,
2210 2163 2275 2195 Mi·

1210 2203 1289 2232 litem
1303 2201 1336 2231 &
1352 2199 1552 2235 Batonettum‚
1569 2196 1604 2227 ad
1629 2196 1739 2228 Statum
1764 2197 1895 2229 Gradum
1913 2199 2094 2238 Dignitatem
2114 2202 2148 2232 &
2165 2201 2275 2233 Hono-

1214 2249 1276 2271 rem
1291 2241 1409 2268 Barom's
1421 2236 1526 2276 Tufton
1544 2236 1576 2265 de
1591 2234 1693 2279 Tufton
1708 2236 1738 2265 in
1752 2234 1902 2268 Comitatu
1918 2238 2017 2268 nostro
2031 2239 2123 2278 Suffix
2136 2243 2276 2271 ereximus

1214 2278 1388 2316 prefecimus
1404 2277 1437 2308 &
1451 2275 1623 2311 creavimus,
1644 2274 1791 2312 lpsumque
1807 2275 1970 2306 Nicholaum
1985 2276 2088 2316 Tufton
2105 2278 2277 2311 Militem&

1215 2317 1404 2349 Batonettum
1418 2317 1555 2344 Baronem
1566 2311 1670 2351 Tufton
1682 2312 1715 2342 de
1729 2312 1833 2352 Tufton
1844 2315 1968 2352 predicta
1983 2323 2084 2346 tenore
2094 2317 2276 2356 presentium,

1217 2357 1349 2394 erigimus
1365 2352 1527 2391 preficimus
1548 2352 1581 2382 &
1597 2360 1743 2395 creamus,
1760 2351 1911 2391 eidemque
1924 2353 2057 2384 Nicholao
2073 2355 2199 2386 Nomen
2215 2355 2279 2387 Sta-

1219 2403 1283 2426 tum
1298 2393 1430 2424 Gradum
1444 2391 1547 2422 Stilum
1569 2389 1749 2427 Dignitatem
1768 2389 1904 2422 Titulum
1927 2393 1960 2423 ὅ(
1983 2392 2137 2423 Honorem
2158 2397 2282 2425 Baronis

1203 2432 1322 2474 ,Tufton
1335 2432 1367 2461 de
1379 2429 1485 2474 Tuftm
1498 2427 1640 2472 predieta,
1657 2428 1676 2447 ²¹²
1695 2429 1884 2466 imposuimus
1899 2429 2026 2462 dedimus
2041 2433 2075 2464 &
2095 2433 2261 2472 prebuimus
2271 2455 2282 2472 ,

1218 2469 1658 2540 acffissgggsgnmtesgcimeffirxfflffi
1668 2466 2071 2539 ἓὲἓέἕιεὶὸᾖξξξιξὲωὸἱέἀωω
2090 2509 2202 2540 Statum
2224 2510 2283 2542 Sti*

1222 2549 1282 2579 lum
1299 2548 1476 2587 Dignitatem
1489 2545 1625 2575 Titulum
1643 2544 1676 2575 ὃ(
1692 2543 1848 2574 Honorem
1866 2548 1986 2576 Baronis
2001 2547 2108 2587 Tufton
2130 2549 2162 2578 de
2179 2548 2282 2589 Tufton

1220 2587 1356 2625 praedieta
1377 2584 1489 2623 prefato
1504 2582 1638 2612 Nicholao
1653 2584 1686 2614 &
1700 2582 1863 2615 Heredibus
1877 2583 2013 2616 Masculis
2027 2589 2064 2619 de
2083 2585 2218 2625 Corpore
2231 2589 2283 2619 suo

1221 2627 1391 2658 exeuntibus
1403 2625 1627 2660 imperpetuum:

1261 2663 1396 2694 Volentes
1410 2663 1443 2692 &
1461 2670 1509 2700 per
1525 2660 1661 2700 presentes
1676 2660 1867 2692 concedentes
1894 2671 1948 2700 pro
1962 2662 2045 2694 nobis
2068 2663 2231 2696 Heredibus
2249 2665 2286 2697 ὅτ.

1224 2702 1440 2734 Succefloribus
1455 2698 1573 2736 nostris,
1588 2698 1668 2738 quod
1689 2700 1831 2736 predictus
1857 2699 2011 2731 Nicholaus
2035 2702 2069 2733 &
2093 2703 2220 2735 Heredes
2241 2704 2285 2735 sui

1224 2741 1346 2772 Masculi
1360 2739 1489 2780 praedicti
1498 2760 1507 2776 ,
1527 2737 1651 2768 Nomen
1665 2737 1781 2768 Statum
1788 2738 1918 2768 Gradum
1928 2739 2031 2770 Stilum
2045 2740 2222 2781 Dignitatem
2230 2743 2285 2773 Ti·-

1220 2781 1312 2811 tulum
1328 2781 1362 2811 &
1381 2778 1536 2808 Honorem
1550 2778 1667 2806 Barom's
1681 2777 1786 2815 Taston
1801 2777 1833 2806 de
1854 2776 1959 2816 Tufton
1984 2779 2110 2817 predidta
2131 2780 2284 2812 successive

1221 2827 1320 2859 gerant
1336 2819 1369 2848 &
1386 2817 1525 2852 habeant,
1543 2815 1576 2845 &
1590 2823 1690 2844 eorum
1705 2815 1824 2859 quilibet
1838 2823 1915 2854 gerat
1928 2818 1962 2848 &
1976 2818 2091 2856 habeat,
2109 2819 2143 2849 &
2157 2829 2206 2858 per
2213 2818 2284 2850 Nod

1221 2868 1288 2889 men
1306 2859 1423 2886 Baronis
1437 2852 1539 2893 Tufton
1551 2853 1582 2882 a'e
1595 2851 1698 2891 Tufton
1712 2854 1993 2890 predictaiucceffive
2008 2865 2148 2887 vocentur
2159 2858 2193 2888 δε
2207 2867 2282 2888 nun·

1219 2904 1373 2933 cupentur‚
1382 2896 1522 2925 &eorum
1533 2891 1650 2933 quilibet
1664 2901 1784 2922 vocetur
1793 2894 1825 2924 ὃ(
1835 2901 2031 2930 nuncupetur,⁴
2043 2895 2192 2933 Quodque
2206 2896 2286 2927 idem

1222 2933 1372 2965 Nicholaus
1385 2934 1417 2963 ὃ(
1431 2930 1558 2962 Heredes
1571 2931 1611 2959 sui
1627 2929 1745 2960 Masculi
1761 2931 1879 2966 predititi
1907 2932 2060 2963 successive
2075 2936 2199 2963 Barones
2213 2933 2283 2973 Tuf-

1223 2981 1271 3003 ton
1289 2973 1320 3002 de
1335 2969 1438 3010 Tufton
1457 2971 1486 3000 in
1500 2969 1636 2999 omnibus
1657 2976 1802 2998 teneantur
1819 2970 1853 3000 &
1875 2977 1904 2999 ut
1927 2972 2052 3001 Barones
2076 2972 2230 3004 tractentur
2247 2974 2283 3004 &

1222 3019 1385 3049 reputentur
1398 3010 1431 3040 ὅς
1447 3017 1547 3038 eorum
1561 3007 1679 3044 quilibet
1697 3015 1820 3038 teneatur
1845 3008 1978 3039 tractetur
1998 3010 2032 3040 &
2051 3018 2212 3050 reputetur3
2231 3012 2284 3042 ha.

1224 3053 1307 3080 beant
1320 3056 1432 3079 teneant
1447 3048 1480 3078 &
1495 3044 1652 3084 possideant
1666 3046 1698 3076 &
1716 3055 1818 3076 eorum
1835 3046 1953 3085 quilibet
1969 3048 2167 3079 habeatteneat
2179 3051 2212 3080 &
2222 3050 2286 3086 pos*

1227 3089 1311 3119 fideat
1327 3086 1526 3117 sedemlocum
1543 3085 1576 3127 ᾃ
1592 3093 1697 3113 vocem
1713 3085 1741 3113 in
1760 3083 1954 3116 Parliamentis
1965 3087 1999 3117 &
2015 3087 2136 3126 publicis
2149 3087 2287 3118 Comitiis

1225 3136 1310 3165 atque
1323 3125 1457 3156 Consiliis
1474 3121 1589 3160 nostris,
1609 3121 1760 3153 Heredum
1776 3123 1810 3153 δε
1824 3122 2029 3155 successorum
2046 3126 2225 3163 nostrorum,
2240 3127 2285 3155 in·-

1225 3167 1266 3197 fra
1285 3165 1425 3201 Regnum
1442 3161 1571 3192 nostrum
1586 3160 1701 3198 Angliae
1717 3163 1788 3191 inter
1799 3162 1866 3192 alios
1881 3162 2001 3194 Barones
2023 3164 2056 3194 &
2080 3162 2200 3193 Batones
2222 3166 2287 3199 Par-3

1224 3205 1427 3236 liamentorum
1443 3203 1476 3232 δε
1486 3199 1672 3237 publicorum
1686 3198 1882 3231 Comitiorum
1896 3210 1982 3239 atque
1995 3200 2207 3239 Consiliorum;

1267 3242 1398 3273 Necnon
1412 3240 1505 3271 diCtus
1519 3237 1669 3267 Nicholaus
1684 3239 1718 3268 δε
1735 3238 1863 3269 Heredes
1875 3239 1916 3269 fiii
1925 3239 2046 3279 Masculi
2060 3239 2204 3278 praediciti,
2215 3248 2287 3278 gau<

1228 3281 1312 3312 deant
1328 3281 1361 3311 &
1375 3287 1505 3315 utantur,
1522 3277 1554 3307 &
1567 3286 1669 3307 eorum
1686 3277 1804 3313 quilibet
1827 3277 1947 3315 gaudeat
1962 3279 1995 3309 &
2018 3286 2128 3314 utatur,
2147 3287 2195 3314 per
2217 3279 2288 3310 No·-

1230 3329 1298 3350 men
1319 3321 1439 3348 Barom's
1453 3314 1556 3355 Tufton
1576 3315 1608 3344 de
1629 3313 1754 3353 Tufton,
1771 3317 1910 3346 omnibus
1931 3317 1964 3347 &
1987 3315 2100 3352 singulis
2116 3316 2218 3347 talibus
2232 3317 2287 3356 Ju-

1227 3359 1302 3388 ribus
1319 3357 1478 3393 Privilegiis
1491 3354 1727 3385 Preheminentiis
1741 3356 1774 3385 &
1788 3354 2014 3385 immunitatibus
2027 3354 2114 3383 Statui
2133 3353 2288 3386 Baronisin

1227 3397 1363 3427 omnibus
1379 3397 1431 3426 rite
1447 3395 1479 3424 &
1499 3393 1534 3423 de
1547 3393 1611 3429 iure
1628 3393 1833 3431 pertinentibus
1847 3394 1947 3432 quibus
1969 3392 2057 3421 ceteri
2077 3391 2197 3423 Barones
2216 3394 2288 3424 dieti

1226 3435 1324 3474 Regni
1342 3433 1431 3464 nostri
1452 3430 1567 3467 Angliae
1588 3440 1654 3461 ante
1666 3431 1726 3472 ⁴hec
1741 3440 1870 3468 tempora
1889 3431 1986 3461 melius
2000 3429 2234 3463 honorificentius
2250 3431 2287 3467 ὃς,

1229 3474 1348 3512 quietius
1362 3472 1402 3502 usi
1417 3473 1476 3502 sunt
1494 3471 1526 3501 δε
1540 3469 1641 3508 gavisi,
1658 3472 1703 3498 seu
1718 3471 1746 3498 in
1759 3471 1877 3506 presenti
1889 3468 2012 3507 gaudent
2025 3468 2058 3499 ὅ(
2077 3477 2205 3507 utuntur,

1266 3511 1411 3541 Volumus
1425 3510 1511 3540 etiam
1521 3530 1531 3544 ,
1547 3508 1598 3537 &c
1648 3507 1761 3544 Absque
1776 3507 1831 3537 fine
1845 3509 1874 3537 in
1889 3506 2070 3544 Hanaperio,
2087 3508 2152 3544 &ci

1265 3549 1310 3580 Eo
1329 3549 1407 3587 quod
1420 3547 1543 3587 expressa
1559 3545 1687 3582 mentio,
1707 3547 1768 3578 &c.

1267 3618 1300 3648 In
1320 3619 1398 3656 cujus
1416 3619 1471 3656 rei,
1490 3617 1553 3648 &c.

1265 3687 1354 3719 Teste
1371 3686 1455 3726 Rege
1471 3687 1545 3725 apud
1562 3686 1819 3726 Westmonasterium
1830 3707 1839 3722 ,
1852 3685 1940 3722 primo
1957 3685 2011 3714 Die
2025 3683 2201 3715 Novemhrin

1734 3764 1786 3791 Per
1800 3764 1892 3791 Breve
1907 3760 1938 3790 de
1953 3763 2071 3792 Privato
2086 3759 2187 3799 Sigillo,

2303 2435 2444 2475 *xvnn

2303 2485 2371 2514 m..
