2536 4255
744 86 856 135 ΕΤ
938 86 1208 134 ACTA
1290 86 1741 144 PUBLICA,
2216 113 2297 159 249

0 188 53 217 nn.
65 180 109 213 D.
128 189 253 219 mntem3
270 180 482 217 &diriguntur
497 178 537 211 he
554 179 653 211 Litere
667 178 842 211 Reverendo
858 177 890 207 in
905 176 1028 208 Christo
1046 178 1120 209 Patri
1131 176 1198 208 Do·
1235 180 1389 219 Confimiles
1400 185 1514 215 Literni
1522 187 1654 216 Parentes
1665 186 1769 217 habent
1780 189 1890 228 peiftne
1897 188 2046 230 fiahse'ripte
2055 189 2108 230 [ab
2119 191 2196 223 datis
2208 193 2291 222 etiam
2309 188 2387 220 Ann.
2403 185 2447 224 DQ,

0 1455 95 1485 tvm.

0 223 81 255 1627*-
130 221 214 251 mino
228 223 339 257 Georgia
354 219 514 260 cicestrienfi
526 218 681 256 Episcopo.
859 254 865 260 ι
1095 255 1100 260 ·
1502 223 1659 262 fiabfiriptis
1674 225 1712 260 (ῥ’
1726 226 1877 263 diriguntur
1891 237 1922 259 ut
1927 229 2022 268 supra.
2326 228 2414 264 1627.

0 267 27 291 fn.
50 270 76 298 3.
165 259 256 290 Teste
281 258 366 298 Rege
392 257 466 296 apud
494 256 752 296 Wstmonasterium
767 277 777 292 ,
801 254 920 285 decimo
940 263 1048 298 'quarto
1072 254 1118 284 die
1144 256 1194 283 Fe-
1521 300 1525 305 .
1675 301 1680 306 η
2304 270 2356 293 Aa.
2376 276 2405 306 3,

0 309 42 330 αν.
59 307 87 333 ¹.
128 297 242 329 bruarii.
1267 294 1298 332 J
1297 294 1419 326 ohannes
1438 298 1588 335 Kenricke,
1603 298 1747 338 Cler1Cu3‚
1764 303 1793 331 in
1818 303 1932 335 Artibus
1947 305 2099 350 Magister,
2118 307 2202 338 habet
2217 307 2291 339 co'n-
2308 308 2370 333 Car.
2398 308 2423 342 i,

162 369 332 406 Alexamr
349 371 441 411 Rcffl,
460 368 606 405 Clericus,
623 369 652 398 in
677 368 793 399 Artibus
814 368 969 407 Magister,
984 370 1079 413 'habet
1098 370 1192 400 consi-

126 415 208 446 miles
238 414 345 444 Literas
365 412 496 442 Parentes
517 407 553 438 de
578 407 789 437 Presentatione
809 408 843 437 ad
868 405 1038 438 Rectorem
1062 411 1190 438 Omnium

125 454 290 484 sauciorum
303 454 333 480 in
350 447 428 478 Villa
444 445 663 482 Southampton,
680 445 812 476 Diocesis
827 446 1027 487 Wntonienfis,
1045 457 1094 484 per
1103 447 1191 476 Mor-

123 501 184 524 tem
202 491 296 522 ultimi
312 485 507 518 Incumbenti‘s
522 485 630 514 ibidem
641 485 700 522 jam
716 493 864 515 vacantem
880 485 913 515 ὅ(
928 486 961 515 ad
977 484 1104 515 nostram
1121 485 1190 516 Pre-

123 530 308 560 sentationem
353 524 419 553 leno
435 523 500 561 jure
519 522 712 561 spiritantem,
731 523 765 554 &
788 523 947 562 diriguntur
966 523 1002 554 he
1018 523 1112 553 Litere
1128 524 1190 553 Re-

124 567 250 601 verendo
267 566 297 594 in
345 561 433 593 bristo
453 561 527 592 Patri
548 561 682 591 Domino
701 562 816 591 Ricardo
837 560 1016 600 Wintoniensz
1035 561 1188 599 Episcopo.

158 604 248 636 Teste
268 603 355 641 Rege
382 600 456 640 apud
482 599 742 640 Wstmonasterium
755 623 765 638 ‚
798 599 915 632 decimo
937 608 1040 639 quarto
1069 599 1114 630 die
1138 603 1189 630 Fe-

118 638 232 676 bruarii.

154 712 334 757 Christrfforus
351 715 438 756 Dale,
448 714 587 755 Clericus,
605 715 690 746 Sacre
705 713 874 759 Theologie
890 714 1117 761 Bacchalaurius,
1135 717 1187 747 ha-

119 752 169 787 bet
193 756 356 787 conlimiles
379 757 483 786 Literas
504 755 635 786 Parentes
657 753 693 784 de
711 753 924 785 Presentatione
939 754 974 786 ad
991 751 1136 786 Vicariam
1150 755 1186 786 de

117 797 228 825 Horten
252 795 375 834 Kirkby,
395 793 526 825 Diocesis
552 792 700 836 Roffi’afif,
714 793 775 830 jam
795 793 933 831 legittime
958 795 991 825 &
1011 794 1121 831 dejure
1137 805 1187 826 va·
1223 803 1242 831 p

118 841 236 864 cantem
260 836 293 865 &
317 835 351 865 ad
374 831 498 863 nostram
519 830 762 862 Presentatronem
782 840 832 870 per
852 831 958 871 lapsum
976 834 1113 870 temporis
1132 833 1185 864 hac

117 873 185 904 vic'e
203 873 376 911 spectantem
386 883 394 893 ·-
415 871 447 902 &
468 869 627 909 diriguntur
648 870 686 900 he
709 869 805 902 Litere
829 869 1004 903 Reverendo
1021 873 1050 902 in
1068 871 1187 902 Christo

115 910 192 941 Patri
207 912 344 943 Domino
360 935 365 940 ,
387 909 490 940 ohaam·
503 907 624 948 Roffi’nfi
639 908 792 947 Episcopo.

149 950 240 982 Teste
264 950 348 989 Rege
371 948 445 987 apud
473 947 757 987 Wellmonasterium',
784 947 902 979 decimo
931 949 1035 986 quinto
1063 949 1108 980 die
1134 953 1188 979 Fe—

113 987 229 1020 braum.

152 1063 312 1104 Franci-‘frus
331 1063 485 1103 Cornwell,
504 1064 644 1101 Clericus,
662 1064 693 1094 in
708 1063 826 1094 Artibus
841 1062 993 1107 Magister,
1010 1062 1097 1094 habet
1111 1073 1186 1096 con-

114 1103 219 1135 fimiles
242 1105 352 1135 Literas
375 1105 505 1135 Parentes
519 1104 557 1134 de
573 1102 787 1135 Presentatione
803 1101 838 1132 ad
857 1101 1001 1131 Vicariam
1018 1102 1054 1132 de
1073 1105 1185 1134 Horton

112 1138 237 1183 Kirkbye‘
260 1142 394 1174 Diocesis
415 1142 560 1182 Rffnfis,
577 1143 635 1180 jam
661 1141 800 1180 legittime
814 1141 848 1171 &
862 1139 972 1183 dejure
989 1149 1135 1184 vacantem
1150 1143 1185 1173 ὃς

112 1181 147 1212 ad
163 1182 289 1213 nostram
312 1180 554 1213 Presentationem
573 1190 622 1219 per
636 1180 744 1218 lapsum
757 1186 894 1222 temporis
910 1179 964 1223 bac
979 1188 1042 1210 V1ce
1057 1179 1186 1218 spectan-

111 1227 190 1251 tem·
214 1221 248 1252 &
267 1221 426 1261 diriguntur
445 1221 482 1251 he
504 1220 598 1250 Litere
616 1217 788 1250 Reverendo
802 1226 832 1246 in
851 1215 970 1248 Christo
985 1217 1059 1249 Patri
1075 1219 1186 1250 Domi-

111 1266 154 1290 no
200 1258 306 1290 ohanni
322 1259 419 1298 Roffin
430 1270 440 1287 t
459 1258 615 1296 Episcopo.
793 1293 798 1300 .
986 1295 991 1301 ⁸

146 1297 239 1328 Teste
255 1298 339 1337 Rege
351 1308 405 1336 apu
439 1295 717 1336 Wstmonasterium,
734 1293 853 1328 decimo
867 1303 946 1326 nono
963 1295 1009 1326 die
1026 1295 1176 1331 Februarii.

117 1407 119 1411 ¹
147 1373 294 1413 Johan‘nes
312 1372 465 1410 Peckham,
481 1371 630 1409 Clericus,
647 1370 732 1403 Sacre
755 1369 920 1414 Theologie
945 1368 1180 1412 Bacchilaurius‚

112 1413 199 1444 habet
221 1411 383 1442 consimiles
407 1411 518 1441 Literas
536 1411 667 1441 Parentes
686 1410 722 1440 de
737 1408 945 1439 Presentatione
958 1411 994 1441 ad
1009 1411 1181 1443 Reitoriam

112 1452 148 1483 de
168 1453 358 1487 Wrmington
377 1449 508 1480 Diocefis
527 1450 544 1466 *
565 1448 766 1489 coventrienfis
782 1449 815 1478 ὃς
830 1447 984 1487 Lichenfis,
999 1450 1060 1487 jam
1075 1451 1180 1490 legitti-

112 1500 161 1521 me
183 1489 217 1519 &
237 1488 274 1519 de
293 1489 357 1526 jure
374 1496 524 1519 vacantem
539 1487 572 1518 &
586 1488 621 1518 ad
638 1486 765 1517 nostram
786 1486 1031 1519 Presentationem
1055 1489 1111 1520 five
1132 1500 1182 1528 per

110 1528 280 1568 pravitatem
297 1526 429 1558 Simonie
445 1526 502 1558 five
516 1535 565 1565 per
585 1525 707 1563 Lapsum
726 1526 884 1563 Temporis
900 1526 955 1557 hac
973 1528 1037 1558 vice
1052 1527 1182 1566 specstan-

112 1575 192 1605 tem3
211 1567 244 1598 &
256 1565 416 1604 diriguntur
432 1566 470 1595 he
484 1565 578 1595 Litere
588 1564 762 1596 Reverendo
774 1565 805 1594 in
819 1563 936 1594 Christo
952 1565 1027 1596 Patri
1045 1566 1182 1598 Domino

109 1605 208 1636 Thome
220 1604 415 1643 coventriensi
425 1605 458 1634 &
474 1602 603 1642 Lichenfi
622 1603 776 1642 Episcopo.

119 1674 121 1677 ,
145 1642 236 1674 Teste
263 1643 347 1681 Rege
370 1641 445 1681 apud
470 1641 735 1681 Wstmonasterium
748 1665 758 1680 ‚
784 1641 920 1673 vicesimo
938 1643 1036 1680 primo
1059 1642 1105 1675 die
1130 1648 1182 1675 Fe-

108 1681 223 1713 bruarii.

143 1754 306 1790 Edwardus
325 1754 472 1794 Boughw,
492 1755 642 1794 Clericus,
659 1756 688 1786 in
703 1755 820 1787 Artibus
835 1756 985 1797 Magister,
1002 1759 1090 1790 habet
1107 1769 1179 1790 con-

107 1796 214 1830 fimiles
241 1797 348 1827 Literas
371 1795 503 1826 Patentes
520 1794 556 1825 de
578 1794 788 1826 Presentatione
809 1795 844 1825 ad
862 1795 1030 1826 Reetoriam
1047 1798 1082 1828 de
1099 1799 1180 1828 Stoke

106 1834 236 1872 Talmage
252 1833 385 1866 Diocefis
403 1834 566 1873 oxoniensis
584 1834 641 1869 jam
655 1841 806 1865 vacantem
823 1834 856 1864 &
873 1833 907 1864 ad
924 1834 1047 1865 nostram
1062 1836 1178 1867 Presen-

107 1876 249 1908 tationem
272 1873 329 1904 sive
351 1883 399 1911 per
420 1873 545 1910 Lapsum
561 1872 716 1909 Temporis
730 1871 787 1901 sive
804 1881 853 1909 per
867 1873 1034 1910 pravitatem
1049 1874 1178 1906 Simonie

104 1914 162 1944 hac
184 1914 249 1943 vice
264 1912 455 1949 spectantem,
475 1912 508 1942 δε
522 1911 683 1949 diriguntur
698 1910 737 1940 he
752 1910 848 1941 Litere
864 1911 1036 1944 Reverendo
1048 1914 1078 1944 in
1091 1913 1176 1944 Chri-

104 1951 151 1982 sto
168 1951 247 1982 Patri
264 1950 395 1980 Domino
410 1948 542 1987 Johanm'
561 1948 708 1989 Oxonienst
723 1947 878 1987 Episcopo.

138 1989 231 2021 Teste
247 1989 331 2027 Rege
344 1990 419 2027 apud
432 1986 707 2027 Welimonasterium,
728 1988 824 2026 primo
843 1988 890 2020 die
906 1990 1017 2020 Marcii.

114 2097 118 2100 ,
142 2063 241 2096 [rohiae
258 2065 371 2103 Potter,
388 2065 534 2105 Clericus,
551 2066 580 2096 in
599 2065 719 2096 Artibus
738 2063 898 2105 Magister,
913 2066 1001 2098 habet
1017 2067 1178 2099 consimiles

105 2103 212 2136 Literas
227 2105 358 2135 Patentes
371 2103 407 2135 de
424 2104 632 2136 Presentatione
645 2104 679 2136 ad
697 2103 867 2147 Recioriam
883 2105 919 2135 de
931 2104 1177 2144 BinfeildDioce-

105 2145 140 2174 sis
150 2147 267 2181 Sarum,
287 2152 336 2181 per
353 2142 485 2174 Mortem
503 2144 596 2174 ultimi
612 2142 809 2174 Incumbentis
822 2143 931 2174 ibidem
949 2145 1004 2181 jam
1024 2155 1177 2177 vacantem

103 2183 139 2213 ὃς
158 2183 193 2213 ad
208 2182 336 2212 nostram
352 2182 594 2213 Presentationem
613 2180 698 2219 pleno
716 2183 774 2220 jure
788 2181 982 2221 spediantem3
999 2184 1033 2214 &
1050 2184 1177 2223 dirigun-

103 2228 149 2251 tur
174 2221 210 2289 ὴὲτ
234 2220 330 2251 Litere
353 2220 529 2253 Reverendo
549 2223 580 2252 in
599 2221 717 2252 Christo
733 2220 810 2252 Patri
827 2220 969 2252 Domino·
979 2221 1110 2261 Johanni
1121 2227 1176 2254 Sa-

103 2268 165 2289 rum
231 2260 288 2290 isco
309 2270 338 2290 oi

137 2269 228 2328 Testg
244 2269 328 2338 Rege
342 2297 417 2338 apud
432 2297 706 2338 Wstmonasterium,
725 2299 826 2338 quinto
840 2298 886 2331 die
899 2301 1014 2330 Marcii.

140 2371 291 2411 Johannes
305 2372 539 2414 Satterthwaite,
559 2375 706 2413 Clericus,
722 2375 809 2407 habet
824 2374 983 2407 consimiles
998 2376 1106 2408 Literas
1121 2377 1176 2409 Pa-

103 2414 196 2442 t'entes
218 2415 253 2443 de
269 2413 476 2444 I’resentatione
489 2415 526 2445 ad
542 2413 712 2445 Restoriam
727 2414 762 2444 de
777 2414 870 2454 Staple
886 2417 1033 2454 Fitzpaine
1046 2414 1176 2447 Diocefis

105 2449 302 2489 Bathonienfis
315 2451 348 2481 &
367 2452 524 2491 Wllenfis,
539 2463 588 2492 per
605 2452 737 2484 Mortem
753 2453 845 2483 ultimi
857 2453 1053 2484 incumbentis
1066 2455 1175 2496 ibidem

99 2489 159 2526 jam
176 2498 325 2520 vacantem
343 2491 377 2521 &
391 2491 425 2520 ad
441 2491 568 2521 nostram
584 2491 824 2523 Presentationem
841 2492 949 2523 ratione
962 2492 1081 2522 minoris
1095 2495 1177 2526 etatis

102 2529 227 2566 Hugonis
247 2530 382 2558 Portman
406 2528 553 2560 Batonetti
574 2529 692 2560 Patroni
710 2530 787 2561 diere
801 2530 927 2561 Ecclefie
944 2531 1000 2560 hac
1014 2532 1078 2560 vice
1095 2533 1175 2571 spec-

103 2573 230 2605 tantem,
249 2567 283 2598 δε
304 2567 463 2606 diriguntur
479 2568 516 2598 he
534 2568 629 2599 Litere
643 2568 817 2599 Reverendo
832 2569 861 2598 in
878 2568 997 2600 Christo
1014 2569 1092 2600 Patri
1108 2571 1175 2602 Do-

101 2606 186 2636 mino
204 2607 246 2635 W
246 2605 355 2636 illielmo
373 2605 555 2646 Bathoniensi
567 2607 600 2637 &
618 2606 742 2647 Wllenfi
757 2606 910 2645 Episcopo.

137 2644 227 2676 Teste
244 2643 326 2684 Rege
343 2645 418 2683 apud
436 2644 716 2685 W’stmonasterium,
735 2645 842 2678 oCtavo
857 2647 904 2676 die
919 2649 1033 2676 Marcii.

138 2715 272 2752 oliverus
297 2724 442 2761 Maurice',
462 2720 609 2760 Clericus,
626 2722 655 2752 in
673 2722 789 2754 Artibus
804 2717 961 2763 Magister,
981 2724 1064 2755 habet
1081 2726 1174 2757 con‘fi-

101 2760 183 2792 miles
202 2761 308 2792 Literas
321 2760 452 2791 Parentes
467 2761 504 2791 de
517 2761 728 2792 Presentatione
740 2762 774 2793 ad
790 2761 961 2793 Rectori'am
977 2763 1013 2793 de
1029 2761 1173 2795 Llanaber

101 2796 234 2830 Dioc'esis
243 2798 432 2838 Bangorienfis
443 2820 453 2837 ,
468 2807 518 2836 per
529 2799 664 2831 Mortem
677 2800 770 2831 ultimi
779 2799 976 2832 Incumbentis
993 2801 1098 2832 ibidem
1114 2805 1172 2842 jam

104 2838 338 2869 vacantem&ad
354 2837 482 2868 nostram
492 2836 734 2869 Presentationem
747 2839 834 2876 pleno
851 2840 910 2877 iure
924 2840 1117 2881 spediantem3
1137 2844 1172 2874 δε

101 2875 259 2913 diriguntur
275 2877 313 2907 he
329 2877 424 2907 Litere
440 2875 614 2908 Reverendo
628 2877 658 2907 in
673 2875 793 2908 Christo
806 2877 885 2909 Patri
902 2879 1037 2909 Domino
1048 2882 1172 2913 Loa‘ovi-

101 2924 130 2945 co
142 2914 318 2954 Bangorienst
332 2915 490 2955 Episcop0.

138 2951 229 2984 Teste
242 2952 326 2992 Rege
338 2954 412 2992 apud
430 2952 706 2993 Westmonasterium,
724 2953 842 2986 decimo
857 2963 960 2993 quarto
978 2956 1023 2987 die
1039 2959 1151 2988 Martii.

139 3028 227 3067 Rex,
246 3028 307 3059 &c.
326 3029 573 3062 Reverendiffimo
593 3032 623 3061 in
647 3030 767 3062 Christo
792 3031 870 3062 Patri
891 3031 1027 3063 Domino
1041 3035 1169 3073 Georgia,

102 3067 290 3099 Providentia
307 3066 416 3098 Divina
429 3069 625 3110 cantuarie'nfi
637 3069 976 3109 Archiepiscopo,totius
990 3072 1094 3108 Anglie
1104 3073 1169 3104 Pri-

104 3107 175 3138 mati
190 3107 223 3137 ὃς
238 3105 485 3143 MetropolitanO,
504 3107 538 3137 ad
556 3117 643 3145 quem
661 3110 758 3139 omnis
772 3109 805 3139 &
819 3110 990 3140 omnimoda
1002 3110 1168 3149 Jurisdifflo

102 3145 258 3183 Spiritualis
279 3146 312 3176 ὅτ.
336 3144 534 3176 Ecclefiastica
555 3155 610 3184 que
634 3146 669 3176 ad
688 3146 867 3187 Episcopum
882 3149 1079 3188 Menevenfim
1093 3150 1169 3182 Sede

101 3185 187 3224 plena
208 3184 362 3222 pertinuit,
381 3183 435 3221 ipsa
460 3182 532 3214 Sede
549 3184 605 3221 iarn
625 3190 743 3217 vacante
760 3188 876 3217 notorie
891 3187 1065 3227 dignoscitur
1082 3191 1168 3228 perti-

100 3233 185 3261 nere,
207 3223 336 3254 vestrove
357 3224 388 3252 in
406 3222 547 3253 Absencia
567 3223 684 3254 Vlcario
697 3225 727 3253 in
745 3224 939 3262 Spiritualibus
955 3227 1094 3258 Generali
1110 3229 1166 3259 sive

99 3262 147 3293 alii
161 3263 325 3300 cuicunque
339 3260 368 3292 in
385 3261 442 3292 hac
455 3269 532 3300 parte
545 3262 745 3294 authoritatem
757 3263 873 3294 habenti
887 3264 932 3294 seu
946 3265 1079 3297 habituro
1088 3289 1098 3305 ,
1115 3267 1166 3299 Sa-

97 3301 199 3332 lutem.
265 3324 267 3327 .

138 3340 184 3369 Ad
201 3338 343 3369 vicariam
364 3337 401 3369 de
415 3337 576 3376 Fishingard
586 3338 719 3370 Diocefis
734 3341 909 3381 Menevenfis
923 3341 1072 3382 vesti-eque
1089 3346 1166 3376 can*-

99 3382 210 3409 tuarien
221 3388 244 3407 15
263 3377 420 3407 Provincie
437 3387 487 3414 per
505 3377 640 3408 Mortem
659 3377 752 3408 ultimi
771 3377 972 3413 Incumbentis
990 3382 1098 3413 ibidem
1119 3384 1164 3415 vel

98 3418 196 3455 aliquo
214 3417 268 3446 alio
290 3424 464 3454 quocunque
482 3415 572 3446 modo
585 3417 645 3455 jam
665 3425 833 3456 vacantem,
852 3419 885 3449 &
903 3420 937 3450 ad
953 3420 1082 3451 nostram
1095 3422 1163 3453 Pre-

98 3456 286 3487 sentationem
306 3454 391 3492 pleno
411 3454 474 3490 jure
497 3453 690 3494 spectantem,
707 3454 859 3487 Dilectum
877 3457 978 3489 Nobis
999 3460 1027 3488 in
1044 3459 1166 3492 Christo

99 3493 263 3533 Johamiem
286 3494 361 3522 Price
379 3490 531 3523 Clericum
546 3493 576 3522 in
591 3493 709 3526 Artibus
723 3493 951 3528 Bacchalaurium
962 3520 971 3536 ,
990 3497 1083 3528 Vobis
1098 3509 1160 3537 pre-

97 3535 254 3570 sentamus,
280 3530 426 3570 Rogantes
452 3531 486 3561 &
511 3531 681 3569 requirentes
700 3541 837 3569 quatenus
856 3535 979 3566 eundem
1000 3535 1163 3574 Johannem

96 3573 176 3602 Price
205 3573 239 3602 ad
258 3569 403 3601 Vicariam
420 3569 456 3599 de
473 3567 635 3607 Fishingard
648 3571 801 3607 predictam
825 3572 993 3612 admittere,-
1009 3573 1162 3616 Ipsumque

98 3608 247 3641 Vicarium
261 3609 371 3640 ibidem
385 3607 528 3639 instituere
543 3609 576 3639 ὃς
591 3608 722 3639 investire
736 3619 804 3640 curn
818 3614 954 3644 omnibus
967 3613 1019 3644 suis
1032 3614 1143 3652 juribus
1153 3638 1163 3654 ,

99 3649 241 3679 membris
257 3648 290 3678 &
307 3648 484 3685 pertinentiis
499 3647 654 3685 universis3
673 3655 822 3687 ceteraque
840 3653 938 3682 omnia
953 3652 987 3682 &
1004 3652 1106 3691 singula
1120 3654 1162 3685 fa-

99 3695 164 3717 cere
177 3688 210 3719 δε
223 3695 356 3727 peragere
365 3704 377 3724 ,
396 3696 451 3724 que
464 3685 559 3716 vestro
572 3687 604 3717 in
619 3685 675 3717 hac
691 3694 771 3725 parte
785 3688 962 3722 incumbunt
977 3690 1091 3723 Officio
1106 3693 1162 3724 Pa-

99 3723 210 3763 storali,
223 3725 316 3757 velitis
335 3735 406 3756 cum
426 3724 535 3757 favore.

134 3799 171 3832 Iri
189 3801 271 3839 cujus
287 3803 345 3840 rei,
362 3803 425 3834 ὅτε.

134 3876 226 3910 Teste
238 3877 322 3917 Rege
333 3879 406 3918 apud
419 3878 693 3921 Welimonasterium‚
708 3877 854 3912 tricesimo
867 3878 912 3912 die
926 3879 1041 3919 Marcii.

137 3994 212 4026 zm».
229 3995 313 4027 VIII,
337 3998 366 4026 Ρ.
383 3993 429 4033 11,

1206 1987 1237 2027 ΗἿ

1230 332 1332 363 fimiles
1356 334 1464 364 Literas
1485 335 1612 365 patentes
1625 337 1661 367 de
1674 338 1878 371 Presentatione
1891 343 1924 372 ad
1940 344 2082 374 Vicariam
2098 344 2134 375 de
2148 349 2288 377 staunton

1228 375 1346 401 omnium
1361 374 1523 402 Sarchlorum
1542 372 1671 403 Diocelis
1686 376 1818 416 Elienfis,
1837 382 2038 423 Cantuarienfis
2053 383 2218 421 Provincie,
2237 394 2288 422 per

1229 408 1395 440 Ceffionem
1421 411 1514 440 ultimi
1536 409 1731 443 Incumbentis
1755 416 1862 446 ibidem
1882 419 1938 455 jam
1958 429 2104 451 vac-intem
2127 423 2161 453 &
2182 424 2216 453 ad
2234 433 2289 453 no-

1228 447 1314 477 stram
1336 448 1577 479 presentationem
1605 451 1711 479 ratione
1727 455 1881 484 vacationis
1893 456 1972 486 Sedis

1228 486 1420 525 spectantem,
1449 489 1482 519 &
1500 487 1658 526 diriguntur
1677 489 1712 518 he
1728 489 1822 520 Litere
1841 501 1871 523 ut
1886 492 1973 531 supra.

1266 524 1358 556 Teste
1371 526 1455 564 Rege
1475 526 1549 565 apud
1564 524 1821 566 W’stmonasterium
1830 550 1840 566 ,
1858 532 1994 563 vicesimo
2009 536 2094 566 tertio
2109 536 2155 567 die
2173 537 2289 575 Aprilis.

1987 457 2089 496 Episco
2091 460 2156 497 palis
2174 461 2290 502 Elienfis

1260 601 1408 639 Johannes
1421 600 1531 641 Slegge,
1550 602 1700 641 Clericus,
1717 603 1745 632 in
1769 603 1882 635 Artibus
1899 605 2034 645 Magister
2052 611 2138 642 habet
2151 614 2288 645 consimi-

1225 637 1264 669 les
1280 640 1385 672 Lireras
1401 641 1532 672 Parentes
1545 641 1581 672 de
1595 640 1805 671 Presentatione
1823 643 1860 673 ad
1875 643 2015 676 Vicariam
2031 648 2065 677 de
2079 650 2176 688 Hislon
2191 654 2288 683 Sanc‘li

1224 679 1355 717 Andree,
1376 680 1507 710 Diocesis
1527 679 1662 718 Elienfis,
1677 681 1880 720 Cantuarienfis
1896 681 2065 722 Provincie,
2077 688 2136 723 jam
2150 689 2288 721 leoittime

1225 717 1258 747 &
1280 717 1316 747 de
1340 721 1399 756 jure
1419 720 1569 750 variantem
1593 720 1626 749 &
1650 717 1686 748 ad
1708 717 1835 748 nostram
1851 719 2091 753 Presenrationern
2114 733 2162 763 per
2176 714 2289 766 lapsum

1223 755 1381 795 Temporis
1401 757 1455 788 hac
1479 758 1542 788 vice
1564 757 1762 795 spectantem,
1788 758 1822 788 δε
1846 758 2003 797 diriguntur
2027 761 2063 791 he
2086 762 2182 795 Litere
2198 775 2229 797 ut
2244 767 2290 798 su-

1242 804 1349 879 ·mTeste
1369 833 1452 875 Rege
1471 834 1546 873 apud
1566 833 1843 874 Westmonasterium,
1863 835 1998 867 vicesimo
2015 838 2118 876 quinto
2135 838 2182 870 die
2200 843 2293 880 Apri-·

1224 870 1268 901 las.

1260 948 1404 979 *Thomas
1417 949 1521 988 Jonas,
1539 948 1682 988 Clericus,
1703 949 1795 979 habet
1811 950 1972 982 consimiles
1989 951 2095 983 Literas
2108 953 2236 986 Parentes
2254 956 2290 987 de

1224 983 1434 1019 Presentatione
1448 990 1481 1019 ad
1497 988 1666 1019 Rectoriam
1683 990 1848 1018 Pontvaine
1862 989 1995 1020 Diocesis
2008 993 2196 1032 Menevenfis,
2213 999 2290 1026 Can-

1222 1028 1332 1054 tuarien
1345 1037 1367 1054 ts
1381 1026 1553 1065 Provincie,
1567 1029 1628 1065 jam
1643 1027 1782 1065 legittime
1798 1028 1831 1058 ὃς
1848 1028 1883 1057 de
1898 1028 1960 1066 jure
1975 1038 2123 1060 vacantem
2138 1033 2170 1062 ὃς
2185 1034 2217 1063 ad
2233 1045 2287 1064 no-

1225 1062 1312 1093 stram
1346 1065 1565 1132 sresentationem
1580 1065 1666 1104 pleno
1681 1067 1740 1104 jure
1755 1065 1946 1106 speetantem3
1966 1068 2000 1100 δε
2015 1067 2175 1108 diriguntur
2191 1071 2229 1102 he
2239 1073 2293 1110 Liff

1224 1109 1282 1131 tel‘C
1298 1109 1328 1131 Ut
1357 1113 1374 1132 u
1397 1113 1433 1132 m.

1260 1139 1352 1170 Teste
1369 1113 1455 1178 {ege
1470 1142 1544 1179 apud
1561 1142 1843 1182 Wstmonasterium,
1859 1145 2015 1177 undecimo
2031 1144 2076 1176 die
2087 1145 2186 1184 Junii.

1260 1217 1420 1247 Edwardus
1432 1216 1593 1257 Edwards,
1611 1218 1757 1260 Clericus,
1773 1224 1803 1252 in
1820 1221 1939 1253 Artibus
1956 1221 2189 1262 Bacchalaurius,
2208 1224 2293 1259 habet

1221 1256 1380 1286 consimiles
1399 1256 1506 1287 Literas
1527 1256 1657 1290 Parentes
1679 1260 1715 1291 de
1731 1261 1945 1292 Presentatione
1958 1260 1991 1291 ad
2008 1261 2033 1292 V
2038 1262 2151 1292 icariam
2165 1263 2202 1293 de
2214 1266 2293 1294 Gun-

1225 1304 1280 1324 nen
1297 1293 1369 1324 aliar
1385 1295 1553 1326 Llanunnen
1569 1295 1607 1331 ὦ·
1623 1297 1711 1328 Silian
1727 1299 1858 1331 Diocesis
1875 1299 2050 1339 Menevensts
2059 1323 2069 1338 ,
2087 1303 2292 1343 cantuariensis

1221 1331 1392 1372 Provincie,
1412 1344 1462 1373 per
1485 1335 1618 1367 Mortem
1642 1336 1735 1367 ultimi
1759 1337 1956 1371 incumbentis
1979 1339 2086 1370 ibidem
2104 1341 2164 1378 jam
2186 1351 2290 1372 vacan-

1220 1379 1279 1413 t-em
1305 1373 1338 1402 ὃς
1359 1373 1394 1403 ad
1419 1373 1544 1404 nostram
1568 1374 1810 1407 Presentationem
1833 1378 1940 1408 ratione
1960 1379 2116 1408 vacationis
2131 1378 2209 1409 Sedis
2221 1380 2292 1418 Epi-

1220 1411 1336 1478 lcolpalis
1357 1412 1532 1452 Menevenfis
1554 1413 1607 1444 hac
1630 1415 1694 1445 vice
1708 1415 1901 1454 speetantem3
1922 1416 1954 1446 δε
1968 1416 2126 1455 diriguntur
2140 1418 2292 1450 heLitere

1221 1456 1251 1479 ut
1276 1458 1353 1486 upra.

1258 1486 1347 1518 Teste
1368 1488 1450 1528 Rege
1463 1490 1536 1528 apud
1551 1490 1974 1531 Wstmonasterium‚vicefimo
1992 1493 2098 1525 οέὶανο
2113 1494 2158 1526 die
2170 1495 2270 1534 Junii.

1257 1564 1419 1605 Cristoferus
1443 1566 1560 1604 White,
1585 1566 1731 1606 Clericus,
1757 1569 1844 1600 Sacre
1868 1569 2031 1608 Theologie
2058 1571 2290 1613 Bacchaiaurius;

1218 1603 1305 1633 habet
1329 1605 1491 1635 consimiles
1513 1605 1616 1637 Literas
1639 1607 1772 1638 Parentes
1787 1608 1822 1638 de
1842 1607 2052 1638 presentatione
2068 1611 2100 1640 ad
2117 1610 2287 1642 Rccftoriain

1219 1641 1255 1672 de
1279 1641 1390 1680 Fyfeila'
1407 1643 1540 1674 Diocesis
1566 1645 1755 1684 wintoniensis
1770 1669 1780 1683 ,
1807 1647 2012 1686 Canticarieufis
2032 1648 2186 1680 Provincie
2203 1673 2212 1687 ,
2237 1660 2287 1690 per

1220 1679 1356 1710 Mortem
1370 1681 1465 1711 ultimi
1480 1681 1689 1714 Imcumbentis
1704 1684 1811 1714 ibidem
1823 1686 1884 1722 jam
1900 1695 2052 1717 vacantem
2069 1687 2143 1717 &ad
2156 1688 2285 1719 nostram

1216 1717 1459 1786 Is’resentationem
1480 1720 1566 1756 pleno
1583 1721 1648 1758 jure
1662 1722 1856 1761 specstantem3
1871 1724 1905 1753 ὃς
1918 1723 2076 1762 diriguntur
2091 1726 2128 1756 he
2144 1727 2242 1758 Litere
2256 1736 2289 1758 ut

1232 1766 1308 1793 upra.

1252 1794 1341 1826 Teste
1353 1795 1437 1835 Rege
1449 1796 1523 1836 apud
1532 1796 1799 1837 Westmonallerium,
1816 1798 1953 1830 vicefimo
1965 1801 2071 1832 οθεεινο
2086 1803 2132 1833 die
2151 1803 2248 1841 Junii.

1253 1871 1360 1911 Cofinm
1385 1873 1519 1905 Madocke
1533 1898 1542 1913 ,
1561 1874 1710 1913 Clericus,
1726 1876 1756 1906 in
1778 1874 1898 1906 Artibus
1919 1875 2075 1915 Magister,
2093 1878 2179 1909 habet
2193 1880 2286 1911 consi-

1218 1910 1297 1942 miles
1319 1912 1426 1942 Literas
1447 1914 1575 1945 Parentes
1599 1914 1635 1945 de
1652 1914 1864 1945 Presentatione
1879 1914 1912 1944 ad
1937 1916 2080 1946 Vicare'am
2100 1918 2136 1946 de
2150 1917 2287 1957 Ichensta-

1216 1949 1248 1979 ke
1264 1961 1322 1980 cum
1336 1951 1493 1990 Abberston
1508 1953 1604 1983 eidem
1621 1954 1701 1984 unita
1715 1952 1846 1983 Diocesis
1862 1955 1904 1983 W
1904 1953 2079 1993 intonienfis‚
2098 1960 2286 1987 cantuarien-

1225 1999 1248 2018 15
1271 1988 1440 2028 Provincie,
1458 1992 1514 2028 jam
1537 1992 1670 2030 legittime
1693 1993 1727 2022 δε
1748 1991 1782 2022 de
1806 1992 1864 2028 jure
1879 2001 2030 2023 vacantem
2053 1995 2086 2024 ὃς
2110 1994 2143 2023 ad
2160 1995 2286 2026 nostram

1216 2027 1458 2059 Presentationem
1484 2040 1532 2067 per
1552 2030 1661 2067 lapsum
1679 2029 1837 2068 Temporis
1859 2030 1914 2062 hac
1940 2033 2004 2062 vice
2027 2031 2229 2073 spectantem5
2253 2034 2286 2066 &

1214 2065 1371 2104 diriguntur
1386 2068 1426 2098 he
1442 2067 1538 2099 Litere
1553 2077 1583 2099 ut
1599 2069 1688 2106 supra.

1249 2104 1338 2136 Teste
1353 2099 1437 2146 Rege
1449 2108 1523 2145 apud
1538 2107 1684 2147 Canbury,
1704 2108 1806 2146 quinto
1823 2107 1869 2138 die
1886 2107 2015 2147 Augusti.

1251 2181 1366 2212 Thomas
1387 2183 1537 2221 Prichard,
1557 2183 1702 2222 Clericus,
1722 2185 1752 2214 in
1770 2184 1888 2215 Artibus
1912 2183 2067 2223 Magister,
2086 2185 2170 2218 habet
2187 2188 2283 2219 conii-v

1214 2221 1296 2251 miles
1311 2220 1419 2253 Literas
1439 2222 1568 2253 Patentes
1584 2223 1619 2254 de
1635 2222 1848 2254 Presentatione
1865 2223 1899 2253 ad
1914 2223 2084 2254 Rectori'am
2101 2224 2137 2254 de
2148 2228 2283 2264 Langton

1214 2258 1346 2290 Diocesis
1366 2261 1560 2300 Menevenfis,
1579 2261 1783 2302 Cantuarienfis
1806 2262 1978 2300 Provincie,
2000 2271 2047 2299 per
2066 2262 2199 2294 Mortem
2216 2265 2282 2296 ulti-

1215 2298 1255 2327 mi
1277 2297 1472 2329 Incumbentis
1494 2301 1601 2331 ibidem
1612 2301 1672 2338 jam
1690 2310 1840 2331 vacantem
1853 2302 1886 2332 &
1903 2301 1936 2331 ad
1951 2301 2077 2331 nostram
2093 2301 2283 2334 Presentatio-

1213 2346 1281 2366 nem
1300 2337 1355 2367 five
1372 2348 1421 2375 per
1439 2339 1543 2376 lapsum
1556 2339 1730 2377 Temporis,
1751 2339 1808 2370 five
1825 2340 1934 2370 ratione
1949 2340 2066 2369 minoris
2082 2342 2162 2371 etatis
2178 2341 2281 2372 Patro-

1213 2376 1244 2443 Fi
1259 2375 1328 2406 dieti
1347 2375 1471 2408 Eccleiie
1491 2377 1545 2408 hac
1561 2376 1626 2408 vice
1645 2377 1840 2417 specstantem,
1858 2379 1892 2409 &
1909 2378 2068 2417 diriguntur
2083 2379 2122 2409 he
2138 2379 2236 2411 Litere
2252 2388 2282 2412 ut

1226 2424 1242 2445 u
1266 2424 1303 2444 ra.

1244 2424 1441 2492 ErestffRege
1460 2453 1534 2493 apud
1552 2454 1697 2493 Canbury,
1713 2455 1820 2486 ostavo
1836 2454 1882 2485 die
1893 2454 2061 2497 Seprerribris.

1248 2530 1404 2560 Lo'dovicus
1427 2529 1555 2569 Howell,
1581 2531 1729 2570 Clericus,
1755 2532 1785 2562 in
1804 2528 1921 2563 Artibus
1943 2532 2173 2571 BacchalauriuS,
2196 2534 2283 2566 habet

1211 2568 1374 2599 consimiles
1403 2569 1509 2600 Literas
1537 2570 1670 2601 Parentes
1695 2571 1732 2600 de
1766 2570 1974 2602 Presentatione
2001 2572 2034 2602 ad
2055 2571 2224 2604 Rectoriarn
2245 2575 2281 2605 de

1211 2606 1383 2647 Lljfwrane
1402 2607 1534 2639 Diocefis
1552 2609 1748 2648 Menewnfis,
1765 2610 1969 2649 cantuariensis
1991 2608 2151 2651 Province,
2166 2612 2225 2649 jam
2240 2614 2281 2643 le-=v

1209 2646 1320 2684 gittime
1343 2648 1376 2676 &
1397 2646 1433 2676 de
1451 2648 1514 2684 jnre
1538 2657 1687 2678 vacantem
1711 2648 1744 2679 ὃς
1765 2648 1798 2677 ad
1819 2647 1945 2678 nostram
1970 2647 2210 2680 Preientatiouem
2230 2660 2280 2688 per

1208 2685 1315 2752 lapsum
1339 2685 1494 2722 Temporis
1516 2686 1569 2717 hac
1589 2687 1654 2717 vice
1673 2685 1866 2724 spediantetm
1886 2688 1919 2718 &
1943 2686 2106 2724 diriguntur
2129 2688 2167 2718 he
2182 2689 2278 2720 Litere

1210 2731 1242 2754 ut
1270 2733 1285 2753 u
1309 2733 1346 2754 ra.

1248 2733 1338 2792 Tepste
1354 2761 1436 2801 Rege
1454 2761 1528 2800 apud
1547 2762 1693 2802 Cliniam,
1711 2763 1871 2795 undecimo
1889 2764 1935 2795 die
1948 2764 2119 2802 Septembris.

1248 2839 1356 2879 Cofinus
1371 2838 1517 2876 Madocke,
1543 2837 1687 2876 Clericus,
1710 2840 1741 2869 in
1764 2839 1880 2871 Artibus
1903 2841 2057 2879 Magister,
2080 2841 2165 2873 habet
2183 2843 2279 2875 confi-²>

1211 2879 1292 2909 miles
1319 2878 1424 2908 Literas
1444 2877 1577 2908 patentes
1598 2878 1633 2907 de
1661 2877 1870 2909 Presentatione
1885 2879 1919 2909 ad
1934 2879 2101 2910 Recioriam
2115 2881 2151 2911 de
2167 2882 2278 2912 Abber-

1205 2917 1269 2956 ston
1290 2916 1421 2946 Diocesis
1436 2918 1478 2945 W
1478 2915 1648 2954 intonierifis,
1668 2917 1873 2957 Cantuarienfis
1887 2917 2050 2956 Provincie,
2065 2920 2120 2956 jam
2137 2920 2277 2960 legittime

1209 2957 1243 2987 ὃς
1265 2954 1301 2985 de
1322 2955 1386 2993 jure
1409 2963 1562 2985 vacantem
1587 2957 1620 2984 ὃς
1642 2953 1676 2984 ad
1697 2955 1822 2985 nostram
1846 2957 2090 2988 Presentationem
2105 2968 2153 2995 per
2168 2960 2273 2998 lapsum

1206 2994 1365 3032 Temporis
1386 2992 1442 3023 hac
1470 2995 1534 3023 vice
1555 2993 1749 3032 spestantem5
1767 2994 1800 3025 ὃς
1825 2995 1986 3033 diriguntur
2003 2996 2040 3026 he
2064 2997 2159 3028 Litere
2181 3006 2211 3028 ut
2230 2998 2274 3029 su-

1205 3042 1334 3102 parii-este
1347 3070 1428 3108 Rege
1446 3069 1519 3107 apud
1535 3068 1679 3109 Canhury,
1698 3069 1816 3102 decimo
1833 3071 1954 3110 septimo
1969 3072 2015 3103 die
2027 3073 2196 3113 Septembris.

1210 3178 1213 3182 ,
1240 3147 1374 3178 Ricardus
1391 3144 1486 3185 Heth,
1505 3145 1652 3185 Clericus,
1671 3148 1700 3178 in
1723 3148 1839 3179 Artibus
1856 3148 2011 3188 Magister,
2030 3150 2116 3181 habet
2131 3148 2269 3181 confinii-4

1205 3187 1243 3218 les
1262 3186 1368 3217 Literas
1385 3185 1512 3216 Parentes
1530 3185 1566 3217 de
1583 3185 1791 3217 Presentatione
1806 3188 1841 3218 ad
1857 3188 2027 3219 Redtoriam
2042 3189 2077 3219 de
2090 3187 2268 3226 Greysmount

1205 3225 1337 3256 Diocesis
1358 3224 1570 3264 Landavenfis,
1590 3225 1797 3265 cantuarienfis
1810 3226 1975 3264 Provincie,
1994 3236 2042 3263 per
2054 3225 2186 3256 Mortem
2201 3228 2269 3258 uiti-s

1205 3266 1247 3295 mi
1262 3264 1457 3295 incumbentis
1472 3264 1581 3294 ibidem
1590 3265 1649 3302 jam
1673 3274 1821 3296 vacantem
1840 3266 1874 3296 &
1886 3265 1920 3295 ad
1936 3265 2060 3295 nostram
2079 3263 2268 3303 presentatio,

1203 3313 1271 3334 nem
1286 3302 1373 3340 pleno
1389 3303 1446 3339 jure
1461 3300 1633 3339 spectantem
1648 3314 1658 3340 3
1685 3304 1718 3335 &
1736 3303 1896 3342 diriguntur
1916 3304 1950 3333 hc
1968 3303 2063 3333 Litere
2079 3311 2110 3333 ut
2122 3303 2213 3342 supra.

1237 3341 1327 3373 Teste
1345 3340 1430 3380 Rege
1447 3341 1520 3378 apud
1536 3341 1680 3380 Canbmy,
1700 3342 1838 3373 vicesimo
1856 3341 1979 3372 secundo
1996 3341 2043 3371 die
2059 3342 2230 3379 Septembris.

1239 3418 1386 3458 Johannes
1399 3417 1554 3457 Robinfim,
1573 3418 1718 3456 Clericus,
1737 3420 1765 3448 in
1782 3418 1898 3448 Artibus
1912 3415 2067 3486 Maffster’
2087 3418 2174 3450 habet
2187 3429 2261 3449 con·

1203 3459 1303 3489 similes
1326 3459 1432 3488 Literas
1461 3456 1590 3487 Patentes
1618 3457 1653 3487 de
1678 3457 1886 3487 Presentatione
1907 3456 1941 3485 ad
1997 3456 2134 3486 enstoriam
2152 3457 2265 3496 Horfill

1201 3496 1333 3528 Diocesis
1356 3495 1562 3534 Wintonienfis,
1582 3495 1785 3534 Cantuarienfis
1808 3495 1976 3525 Provincie.
1996 3496 2050 3532 jam
2072 3495 2208 3533 legittime
2226 3498 2261 3528 ὅ(

1201 3536 1238 3567 de
1257 3537 1316 3573 jure
1340 3542 1489 3565 vacantem
1504 3536 1537 3564 &
1555 3533 1590 3563 ad
1604 3534 1732 3564 nostram
1753 3533 1989 3563 Presentationem
2005 3533 2091 3571 pleno
2101 3535 2164 3571 Jure
2182 3534 2262 3572 spec-

1200 3583 1330 3612 tantem,
1347 3575 1380 3605 &
1398 3573 1556 3611 diriguntur
1570 3572 1604 3602 he
1620 3572 1716 3603 Litere
1728 3580 1758 3601 ut
1773 3570 1873 3614 supra.⁸
2000 3609 2005 3614 η

1238 3612 1330 3644 Teste
1343 3611 1429 3650 Rege
1443 3610 1517 3649 apud
1532 3610 1791 3650 Westmonasterium
1802 3609 1928 3646 ,decimo
1944 3616 2027 3640 tertio
2040 3608 2088 3639 die
2103 3610 2238 3643 oc‘t‘obris.

1238 3688 1386 3728 Johannes
1419 3687 1608 3727 Macarneffi,
1635 3686 1782 3723 Clericus,
1804 3686 1975 3728 in1Artibus
1999 3684 2155 3731 Magister,
2176 3687 2264 3722 habet

1201 3728 1362 3760 consimiles
1376 3727 1483 3758 Literas
1503 3726 1632 3757 Parentes
1648 3725 1682 3755 de
1704 3724 1910 3755 Presentatione
1934 3724 1969 3754 ad
1999 3724 2142 3755 Vicariam
2164 3730 2264 3759 Sanffl

1201 3770 1309 3804 Georgii
1329 3770 1360 3797 in
1382 3765 1562 3797 Southwarke
1586 3763 1716 3794 Dioeefis
1739 3767 1775 3791 W
1777 3761 1948 3801 intonienfis,
1963 3764 2167 3806 Cantuarienfis
2187 3765 2262 3798 Pro-

1200 3807 1315 3842 vincie,
1336 3814 1384 3842 per
1402 3803 1533 3834 Mortem
1551 3802 1643 3832 ultimi
1657 3801 1853 3832 incumbentis
1867 3801 1972 3830 ibidem
1994 3810 2049 3839 Jam
2063 3812 2212 3835 vacantem
2229 3807 2264 3837 &

1200 3845 1237 3876 ad
1259 3843 1387 3874 nostram
1406 3841 1646 3873 presentationem
1665 3840 1751 3877 pleno
1768 3841 1828 3878 jure
1840 3839 2032 3879 spectantem,
2051 3841 2085 3871 &
2103 3841 2263 3882 diriguntur

1201 3884 1239 3914 he
1259 3882 1354 3912 Litere
1370 3888 1401 3911 ut
1421 3880 1506 3917 supra.
1859 3916 1864 3922 .
2059 3919 2064 3923 ⁴

1240 3919 1330 3950 Teste
1352 3918 1435 3958 Rege
1455 3917 1529 3957 apud
1545 3914 1813 3956 Westmomsterium,
1837 3916 1975 3949 vicefimo
1997 3917 2118 3957 septimo
2137 3919 2184 3950 die
2203 3921 2264 3949 No·

1202 3958 1334 3990 vembris.
1760 3991 1775 4023 I
1792 3993 1803 4023 i
2151 3993 2267 4034 Johane

2305 959 2444 1006 'xvim

2314 1012 2395 1043 1000·
