2536 4255
165 136 247 174 126
586 117 1396 171 CONVENTloNES‚

17 216 93 249 Ann.
108 213 149 245 D.
168 217 248 250 suum
267 214 410 254 aliquoties
429 212 541 243 differre
557 210 657 253 soleat,
674 208 759 247 idque
775 208 874 239 diebus
885 205 1122 243 solemnioribus,
1142 203 1229 243 usque

47 255 133 294 1635-
169 256 239 286 dum
256 255 355 285 omnia
373 251 432 282 fere
446 252 542 281 divina
560 247 668 278 Officia
683 256 844 290 paragantur
854 269 870 290 ,ι
880 245 992 277 necne?

16 298 69 321 ΛΗ.
94 303 102 319 ι
113 303 135 320 ι-
208 293 319 324 Utrum
344 290 483 328 predictus
504 291 632 317 Decanus
652 296 722 316 cum
737 296 797 316 rem
812 285 941 315 divmam
956 282 1055 313 sedulo
1072 291 1167 313 curare
1181 280 1231 312 de-

1453 119 1854 167 LITERAE,
2528 133 2536 181 i:

1270 214 1325 236 nec
1343 205 1474 236 interesse
1494 205 1611 249 possunt
1633 205 1666 236 &
1687 205 1844 244 deberent,
1861 205 1895 236 &
1915 205 1945 236 in
1962 204 2042 244 quod
2055 205 2196 238 damnum
2208 205 2341 239 Conces-
2354 203 2433 236 Anti.
2446 204 2493 240 Da>
2529 216 2536 275 y

1268 244 1359 275 fiones
1373 244 1438 274 tales
1452 244 1528 274 faeie
1542 244 1665 275 fuerint?
2376 243 2464 283 1635.

1310 282 1426 313 Utrum
1450 282 1560 314 Charta
1583 283 1606 313 F
1610 282 1788 321 undationis‚
1805 282 1915 313 Rotule
1930 280 2100 322 Curiarum,
2118 284 2343 323 Rentatiorum‚
2357 288 2410 311 An.
2431 292 2474 312 ii.
2493 312 2500 318 ,
2530 291 2536 333 t

16 336 78 360 Car„
102 340 127 360 i.
1270 322 1304 352 δε
1326 321 1484 351 Terrarum
1508 331 1657 359 ceteraque
1678 323 1777 352 omnia
1800 323 1976 352 munimenta
1997 321 2032 352 ad
2056 322 2164 352 dieram
2181 322 2338 353 Ecclesiam
2353 325 2415 351 Car.
2438 331 2465 350 i.
2491 321 2498 348 ¹.

169 334 236 369 bet,
254 332 378 368 aliquem
402 328 447 357 vel
469 328 575 363 aliquos
601 325 794 356 Cantatorum
819 324 896 354 diele
916 322 1045 352 Ecclesie
1056 321 1117 359 jure
1133 320 1229 350 secum

169 371 317 401 detinuerit
341 367 386 397 vel
402 366 525 396 detinere
546 365 641 394 solitus
667 363 770 400 fuerit,
789 362 821 393 ὃς
845 362 981 400 quamdiu
1005 370 1056 404 eos
1068 369 1114 390 aut
1130 367 1230 400 eorum

169 409 278 445 aliquos
301 407 339 436 lic
360 405 481 436 detinuit
506 404 552 433 seu
574 403 690 432 detineri
716 402 801 438 fecit,
820 402 848 430 in
864 409 997 440 magnam
1012 398 1088 442 dicle
1102 397 1232 440 Ecclelie

168 447 299 485 injuriam
315 446 348 476 &
364 442 544 474 manifestum
554 441 720 472 divinorum
729 439 910 471 Officiorum
924 438 1031 469 ibidem
1041 436 1234 475 impedimen—

183 495 231 515 um
266 483 376 514 necne?

169 495 181 516 t
208 507 318 554 U'trum
334 520 473 560 predldlus
489 523 613 550 Decanus
628 518 657 547 in
674 517 773 547 locum
790 517 907 553 alicujus
920 514 1103 547 Vicariorum
1118 511 1233 542 Chora—

171 562 259 599 lium,
279 561 327 597 qui
346 559 491 590 actualiter
504 560 533 588 in
546 557 638 587 sacros
654 554 778 586 Ordines
792 556 920 594 cooptari
939 555 1098 588 deberent,
1136 560 1174 580 uo
1189 560 1234 593 re-

173 601 248 631 driu,-
263 600 297 628 ad
314 599 410 628 divina
426 597 534 631 Officia
550 594 705 634 peragenda
718 595 776 632 apri
790 595 847 625 nati
862 594 931 630 sint,
948 591 1109 635 aliqueme
1131 588 1233 619 amulis

173 640 226 669 suis
247 637 448 673 introduxerit,
466 645 520 666 nec
544 643 614 665 tunc
639 643 693 663 nec
715 633 801 671 longe
815 633 911 670 postea
925 631 1004 660 sacris
1018 628 1165 671 ordinibus
1175 627 1235 670 *ho-

173 677 314 707 nestatum
325 698 335 712 ,
351 685 475 712 eumque
499 674 619 703 interim
643 673 754 712 integro
777 670 919 709 stipendio
940 666 1021 707 quod
1035 666 1070 696 ad
1086 665 1235 697 Vicarium

174 715 332 746 Chotaletn
350 713 453 752 speetat
469 712 636 748 donaverit,
655 709 766 741 necne?
1094 744 1100 748 -

211 753 326 784 Utrum
347 752 490 790 predictus
508 753 636 780 Decanus
655 748 774 779 existens
787 748 945 789 frequenter
958 743 1078 788 residens
1091 753 1121 787 μη
1135 741 1234 786 eadem

173 792 317 829 Ecclesia,
335 793 364 821 in
387 791 464 821 dieta
480 788 609 820 Ecclesia
625 786 785 824 Collegiata
798 794 840 815 ter
857 792 904 814 aut
917 785 959 813 bis
975 782 1008 812 ad
1027 790 1185 824 minimum
1204 791 1234 811 in

174 832 221 862 sua
237 831 350 869 propria
363 829 479 867 persona
493 828 695 866 predicaverit,
714 824 866 856 secundum
883 822 1017 865 Canones
1033 819 1158 851 Ecclesie
1170 822 1236 849 An-

173 870 281 908 glicane
296 870 327 900 &
344 869 423 899 dicte
439 866 563 898 Ecclesie
581 865 740 906 Collegiare
755 862 861 892 Statura
874 861 986 898 localia,
1003 859 1116 891 necne?
1134 867 1237 897 quam-

177 911 226 939 diu
242 909 278 938 ab
294 906 456 944 hujusmodi
470 904 584 936 Officio
597 901 749 934 abstinuit?
1162 936 1167 941 ι

213 947 327 978 Utrum
348 946 487 982 predictus
507 946 651 977 Decuma,
667 937 821 970 secundum
835 938 1052 969 Sacramentum
1066 939 1146 967 suum
1161 944 1189 979 in
1203 944 1236 975 ea

174 995 253 1025 parte
276 983 444 1021 prestitum,
461 984 560 1013 omnia
585 979 706 1018 Collegii
729 977 774 1007 seu
792 977 952 1016 Collegiate
968 975 1097 1006 Ecclesie
1130 973 1236 1017 rediere

176 1027 273 1062 Bona,
290 1024 399 1054 summa
423 1031 493 1053 cum
513 1021 564 1050 fide
577 1017 831 1053 administraverit,
848 1026 881 1046 ac
896 1016 931 1045 de
947 1015 1098 1057 omnibus.
1124 1011 1239 1043 roficuis

176 1067 210 1097 &
232 1061 465 1093 Reventionibus
489 1058 594 1090 dictam
618 1054 773 1085 Ecclesiam
797 1054 985 1093 spectantibus
1003 1062 1051 1083 aut
1064 1052 1128 1083 alias
1142 1060 1238 1082 erner-

176 1103 309 1146 gentibus
325 1100 460 1138 fideliter,
476 1103 558 1134 prout
573 1095 688 1131 debuit,
703 1093 884 1131 disposuerit,
903 1091 1016 1122 necne?

216 1142 262 1172 Ac
288 1149 384 1172 utrum
407 1134 546 1178 predictus
566 1136 693 1163 Decanus
715 1132 895 1173 denariorum
915 1131 1049 1161 Summas
1063 1139 1113 1167 pet
1126 1128 1240 1166 Ipsum,

177 1190 230 1213 ntro
256 1179 424 1220 Magnarum
443 1174 476 1204 ἃ
491 1173 609 1202 aliorum
624 1173 654 1201 in
668 1170 767 1202 eadem
786 1170 910 1201 Ecclesia
925 1168 1094 1207 Sepultura,
1113 1176 1238 1206 receptas

177 1214 208 1251 in
224 1220 369 1250 Fabricam
385 1211 505 1252 ejusdem
522 1210 661 1247 Ecclesie,
678 1218 723 1240 aut
738 1210 814 1240 aliter
830 1219 858 1239 in
874 1217 1078 1238 ornamentum
1093 1207 1126 1237 ὅ(
1144 1206 1241 1236 hono·

178 1268 241 1290 rem
257 1256 378 1294 ejusdem
397 1251 434 1289 (si
449 1261 491 1280 res
507 1249 677 1285 postularet)
697 1247 898 1287 impendendas
911 1247 1030 1277 fecerit?

217 1297 264 1327 Ας
280 1301 372 1326 utrum
388 1288 465 1328 quod
484 1288 548 1318 inde
566 1288 703 1318 residuum
720 1295 789 1324 erat,
809 1287 922 1325 publice
941 1287 1013 1315 inter
1028 1283 1171 1323 predieios
1180 1282 1240 1327 De-

181 1344 289 1366 canum
301 1335 330 1362 &
345 1327 549 1360 Prebendarios
564 1326 685 1364 ejusdem
704 1325 829 1356 Ecclesie
843 1324 962 1355 divisum
978 1323 1083 1361 fuerit,
1101 1322 1146 1353 seu
1163 1322 1241 1353 aliter

180 1375 212 1404 in
236 1371 360 1414 proprios
382 1367 441 1398 usus
460 1365 532 1396 dieti
557 1365 670 1396 Decani
688 1375 737 1402 per
755 1365 845 1402 ipsum
857 1363 1007 1406 detentum
1024 1361 1244 1406 &conversum

181 1412 280 1447 fuerit,
297 1415 438 1445 computo
463 1404 543 1435 nullo
564 1414 595 1434 ea
618 1412 696 1443 parte
713 1402 905 1433 Prebendariis
922 1400 1051 1438 reddito,
1069 1410 1098 1430 in
1112 1403 1244 1443 maniies-

183 1461 238 1485 tam
253 1448 331 1478 diere
348 1443 473 1476 Ecclesie
486 1444 617 1481 ruinam,
634 1451 750 1473 necnon
766 1442 800 1472 ad
818 1439 1075 1472 Prebendariorum
1091 1438 1245 1470 detrimen-

183 1499 247 1522 tum
262 1487 293 1517 ὅ(
308 1482 466 1515 damnum?
856 1519 861 1524 ι

220 1526 257 1558 Et
280 1534 334 1563 que
359 1522 541 1553 denariorum
561 1520 683 1551 Summe
709 1519 747 1550 sic
770 1529 819 1559 per
835 1518 945 1549 dietum
959 1521 1102 1548 Decanum
1115 1524 1246 1554 recepte,

184 1576 218 1599 ca
241 1574 284 1601 te,
302 1564 334 1594 &
350 1570 380 1594 ut
395 1560 532 1599 prefertur
545 1559 681 1590 converse
694 1557 818 1589 fuerint?
1162 1594 1166 1599 η

259 1611 334 1634 trum
356 1599 498 1639 predictus
515 1601 637 1629 Decanus
653 1607 737 1629 terras
753 1597 866 1627 circiter
881 1595 958 1626 mille
971 1593 1074 1633 Jugera
1091 1592 1123 1623 ad
1140 1592 1249 1623 dietam

181 1642 339 1676 Ecclesiam
355 1639 528 1677 speetantes,
543 1637 657 1667 Roberto
674 1634 773 1666 Heath
790 1635 880 1665 Militi
894 1643 962 1664 tunc
980 1634 1133 1664 Attornato
1148 1631 1249 1662 Gene-

184 1683 231 1713 rali
242 1705 250 1719 ,
269 1689 322 1719 pro
336 1679 461 1710 termino
477 1677 567 1707 trium
581 1677 712 1714 vitarum,
731 1674 813 1713 idque
828 1673 885 1704 sine
897 1673 980 1703 omni
993 1681 1082 1711 quem
1099 1679 1204 1703 vocant
1217 1669 1250 1700 si-

182 1732 219 1753 ne
227 1719 331 1751 dimitti
348 1715 510 1749 curaverit?

220 1760 266 1790 Ac
288 1766 384 1788 utrum
413 1753 555 1794 predicius
578 1757 706 1784 Decanus
730 1751 841 1784 distum
862 1751 1010 1783 Robertum
1031 1748 1130 1794 Hearh
1177 1758 1248 1782 tunc

183 1799 332 1829 summum
353 1793 546 1834 justiciarium
566 1793 742 1823 Communis
769 1791 855 1822 Banci
875 1790 1045 1821 existentem
1060 1812 1069 1827 ,
1095 1798 1124 1818 in
1177 1798 1249 1820 omo

184 1836 329 1876 Capituli,
354 1842 454 1865 contra
474 1831 596 1869 eiusdem
623 1830 750 1870 Capituli
777 1830 1032 1872 consuetudinem,
1048 1827 1251 1868 introduxerit,

186 1885 219 1907 ut
232 1875 268 1906 de
285 1872 396 1905 redditu
412 1871 460 1903 suo
477 1871 676 1900 imminuendo
711 1879 810 1900 coram
824 1868 1018 1899 Prebendariis
1034 1866 1121 1896 verba
1135 1866 1251 1907 faceret,

186 1917 221 1948 ὃ(
234 1924 269 1945 an
286 1911 421 1944 suadente
434 1909 480 1941 vel
494 1917 665 1947 procurante
677 1894 756 1940 <itero
770 1907 911 1946 Decano,
927 1905 1022 1937 didius
1036 1904 1179 1937 Redditus
1194 1907 1252 1938 im-

186 1954 306 1985 minitus
320 1951 401 1983 fuerit
410 1972 419 1988 ,
438 1949 550 1980 necne?
938 1986 943 1991 ἢ
1025 1985 1031 1991 .
1193 1986 1198 1991 .

228 1992 274 2023 Ac
289 1998 386 2022 utrum
399 1988 492 2019 dictus
507 1990 633 2017 Decanur
648 1995 718 2018 cum
726 1985 839 2017 dicrum
849 1984 1008 2017 Redditum
1023 1994 1079 2023 Jatn
1107 1995 1137 2016 er
1144 1985 1251 2017 Trien-

188 2032 273 2063 nium
295 2028 450 2060 insolutum
473 2026 529 2056 effe
552 2035 604 2064 pro
621 2034 702 2056 certo
718 2025 816 2063 sciret,
835 2025 922 2062 idque
938 2034 999 2055 non
1016 2024 1092 2054 seme
1116 2025 1145 2054 in
1164 2022 1253 2061 Capi-

187 2070 250 2103 tulo
273 2068 445 2099 declaratum
466 2065 573 2103 fuerit,
592 2064 738 2103 quidpiam
761 2065 805 2104 agi
827 2064 936 2095 curavit
950 2073 1003 2103 pro
1017 2062 1099 2102 ipsius
1112 2061 1254 2095 Redditus

188 2120 221 2141 ac
242 2107 370 2138 uilitione
384 2106 417 2138 &
434 2103 666 2142 recuperatione?
945 2140 948 2143 η

223 2118 339 2178 ἳΙῑωη]
353 2143 495 2184 predictus
509 2146 655 2180 Decanux,
673 2141 826 2173 secundum
842 2141 1064 2173 Sacramentum
1079 2139 1160 2172 suum
1179 2141 1208 2171 in
1222 2151 1254 2173 ea

186 2194 267 2226 parte
285 2183 452 2223 prestitum,
472 2183 570 2212 omnia
586 2181 716 2213 Maneria
730 2182 763 2213 ὃς
784 2180 901 2212 Domos
913 2180 989 2211 dic‘te
1002 2179 1128 2211 Ecclesie
1142 2180 1254 2214 summa

187 2234 257 2256 cum
274 2224 328 2254 fide
342 2223 497 2259 curaverit,
514 2220 627 2251 necne?

225 2263 270 2293 Ac
293 2270 389 2292 utrum
409 2260 503 2291 dictus
526 2262 676 2296 Decanux,
697 2257 802 2297 Magni
822 2258 915 2296 Sigilli
932 2256 1038 2296 Anglie
1054 2267 1106 2296 pro
1121 2266 1252 2298 tempore

186 2300 295 2332 Custos
317 2299 452 2336 existens,
467 2298 501 2329 ad
521 2298 758 2336 promovendum
779 2298 923 2336 quandam
939 2297 1095 2328 clausuram
1112 2298 1182 2328 inter
1203 2296 1251 2327 fir-

186 2350 264 2370 mam
289 2339 415 2370 Manerii
440 2337 475 2368 de
499 2336 561 2378 Istip
583 2339 611 2367 in
628 2336 781 2367 Comitatu
797 2340 896 2375 Oxon,
918 2345 1027 2375 partem
1043 2335 1250 2375 possessionum

184 2379 262 2409 diere
283 2378 432 2414 Ecclesie,
459 2377 492 2407 &
520 2375 664 2414 quendam
689 2375 864 2406 Benadmuvn
888 2374 1058 2404 Winchcomb
1083 2374 1251 2406 Dominum

187 2417 313 2448 Manerii
332 2417 367 2447 de
389 2416 488 2445 Noake
508 2416 642 2454 proximo
663 2415 840 2452 adjacentem
858 2436 868 2452 ‚
892 2414 989 2453 jugera
1011 2413 1103 2443 Terre
1127 2414 1252 2452 aliquot,

186 2465 295 2492 partem
318 2455 485 2486 Patrimonii
507 2453 586 2484 diri'te
604 2452 729 2483 Ecclelie
744 2476 753 2491 ,
770 2453 902 2484 Decreto
918 2454 946 2482 in
964 2451 1139 2483 Cancellaria
1156 2453 1250 2490 facio,

186 2495 348 2525 tenentibus
371 2493 407 2524 de
429 2493 528 2522 Noake
550 2491 681 2530 predicto
697 2492 730 2522 &
744 2501 844 2522 eorum
862 2490 1024 2522 Heredibus
1039 2492 1251 2528 imperpetuum

188 2532 418 2569 confirmaverit,
437 2533 465 2561 in
484 2541 630 2568 eternum,
650 2540 787 2568 quantum
808 2532 835 2560 in
856 2529 916 2566 ipso
935 2539 1010 2566 erat,
1028 2529 1105 2560 dit‘jte
1121 2529 1249 2561 Eccielie

193 2571 458 2601 exhereditationem
469 2593 479 2607 ,
498 2569 609 2600 necne?
630 2568 666 2599 Et
680 2578 751 2608 quot
768 2569 854 2600 essent
864 2567 1079 2606 Terrejugera,
1093 2568 1131 2600 sic
1147 2578 1177 2600 ut
1191 2579 1253 2608 pre-

190 2609 301 2639 dictum
317 2609 375 2645 est,
391 2608 567 2645 abiudicata?
586 2609 619 2640 &
637 2616 776 2645 quantum
791 2608 936 2637 annuatim
952 2607 1085 2637 valeant?

229 2647 341 2678 Utrum
365 2647 502 2682 predictus
517 2650 659 2684 Decanus,
677 2646 732 2676 sola
743 2646 822 2685 ipsius
838 2646 1006 2677 authoritate
1018 2668 1026 2683 ‚
1048 2645 1191 2676 Denarios
1205 2647 1251 2677 ali-

190 2695 263 2723 quos
285 2694 332 2716 aut
350 2684 553 2721 Allocationes,
569 2685 686 2714 durante
705 2685 852 2715 vacatione
867 2685 983 2721 alicujus
997 2683 1090 2714 officii
1105 2684 1161 2715 sive
1176 2686 1249 2723 loci,

187 2725 253 2755 alias
266 2724 430 2761 disposuerit
446 2732 531 2760 quam
545 2723 670 2759 deberet,
686 2732 733 2753 aut
749 2724 819 2753 inter
829 2732 877 2753 eos
888 2723 1164 2754 distribuifecerirad
1177 2734 1249 2762 quos

192 2773 228 2794 ne
246 2763 362 2791 minima
378 2771 438 2798 par-2
453 2761 488 2790 de
502 2762 559 2798 jure
572 2760 723 2797 spectaret?

227 2800 338 2830 Utrum
361 2800 502 2837 predictus
525 2802 667 2836 Decanus,
686 2797 822 2835 Capitulo
834 2799 911 2832 dicte
926 2798 1054 2829 Ecclesie
1070 2800 1250 2837 inconsulto,

187 2842 218 2871 in
236 2838 413 2870 manifestam
432 2838 507 2867 diCte
528 2836 653 2867 Ecclelie
674 2837 947 2868 exhereditationem
963 2838 996 2868 &
1010 2838 1181 2873 regalitatem
1219 2840 1252 2869 &

188 2878 401 2924 privilegiorum
425 2877 504 2915 ipsius
526 2885 612 2911 grave
632 2876 845 2943 &ejudiciutn²
862 2875 898 2905 de
922 2873 1009 2905 Urbe
1024 2861 1251 2916 lVestmonasierzi

190 2916 414 2975 incorporanda3
429 2924 500 2945 cum
525 2914 602 2945 diere
666 2915 722 2944 rbis
744 2913 866 2945 Civibus
880 2914 1020 2952 aliquibus
1037 2915 1153 2946 consilia
1169 2918 1253 2955 agita-

192 2965 280 2992 verit,
299 2965 404 2986 necne.

1271 359 1442 398 speciantia,
1458 360 1491 391 &
1514 359 1656 390 Redditus
1671 359 1797 397 Q'usdem
1814 362 2018 391 concernentia
2033 361 2132 392 debit-o
2145 361 2232 398 loco,
2250 360 2341 391 modo

1272 399 1305 429 &
1322 397 1418 428 forma
1452 397 1610 429 secundum
1624 398 1702 428 dicte
1719 398 1848 430 Ecclelie
1861 399 1970 430 Statura
1986 400 2019 429 &
2029 398 2274 437 Consuetudines,
2294 407 2343 430 tu-

1273 438 1308 466 to
1326 436 1360 466 ὃς
1379 419 1510 466 ordinate
1528 437 1664 474 reposita,
1681 435 1774 467 locata
1797 438 1830 468 &
1847 437 1987 469 custodita
2003 437 2124 474 fuerint,
2139 437 2253 470 necne?
2270 438 2304 470 &
2320 438 2341 468 si

1274 475 1292 504 ὲ
1307 475 1425 512 proprio
1440 475 1509 505 loco
1524 482 1723 511 amoveantur,
1736 476 1817 513 cujus
1830 476 1860 505 id
1876 477 1949 507 vitio
1965 477 2074 507 saelum
2087 476 2145 507 est?

1314 512 1427 543 Utrum
1443 513 1584 552 predictus
1596 516 1728 553 Decanus
1739 513 1993 545 autThesaurarius
2008 515 2087 546 dicte
2102 515 2231 546 Ecclelie
2243 515 2277 546 &
2294 513 2345 545 ali-

1275 552 1326 589 qui
1349 550 1533 582 Prebendarii
1554 551 1693 588 eiusdem,
1712 552 1840 588 quolibet
1861 552 1951 583 Anno
1967 554 2013 583 vel
2027 555 2060 585 ad
2078 555 2232 585 minimum
2249 553 2345 593 quoli-

1275 591 1323 621 bet
1339 589 1475 628 Biennio,
1493 589 1526 620 ad
1542 590 1645 621 Terras
1661 589 1738 620 dicte
1757 589 1881 621 Ecclesie
1896 591 2046 622 lustrandas
2060 594 2091 623 ὃ(
2109 593 2228 624 Curiam
2242 602 2344 624 tenen-

1274 627 1341 658 dam
1356 630 1407 659 iter
1419 628 1545 666 faciunt,
1561 628 1717 659 secundum
1738 629 1816 659 utere
1834 628 1961 660 Ecclefie
1977 629 2085 661 Statura
2099 632 2131 661 &
2147 631 2342 663 Consuetudi-

1274 677 1341 704 neS,
1350 667 1465 698 necne?
1482 669 1516 700 &
1531 676 1670 707 quantum
1683 666 1783 697 damni
1800 667 1874 707 passa
1885 667 1926 698 est
1944 668 2074 707 prediCta
2087 668 2211 702 Ecclesia
2226 680 2275 709 per
2287 670 2340 702 de-

1275 705 1388 736 fedum
1403 706 1499 736 talium
1514 704 1670 737 Itinerum?

1313 743 1430 775 Utrum
1451 745 1576 775 Arbores
1590 744 1682 783 alique
1705 754 1755 782 pet
1769 744 1893 781 aliquem
1903 745 1949 775 vel
1963 745 2074 784 aliquos
2088 747 2246 778 tenentium
2260 747 2339 779 diere

1275 781 1402 813 Ecclesie
1421 782 1528 814 succise
1548 784 1651 814 fuerint
1665 806 1675 822 ,
1700 784 1758 813 line
1775 783 1880 814 assensu
1902 783 2016 814 Decani
2038 784 2072 815 &
2092 784 2268 817 Thesaurarii
2286 796 2340 824 pro

1275 830 1405 859 tempore
1426 821 1630 860 existentium;
1669 821 1716 852 Ac
1732 831 1828 852 utrum
1842 832 1978 853 numerus
1993 824 2026 855 &
2040 823 2102 854 usus
2115 824 2272 855 earundem
2287 824 2342 856 At-

1275 861 1378 890 borum
1393 859 1517 891 Decano
1533 862 1567 892 &
1585 859 1721 898 Capitulo
1737 862 1882 891 annuatim
1898 861 2049 892 declaratus
2064 862 2167 893 fuerit?
2185 864 2230 894 Ac
2243 872 2341 895 utrum

1276 898 1404 929 Arbores
1427 900 1520 938 alique
1542 899 1599 930 mla
1619 899 1732 930 Decani
1746 899 1816 929 dieti
1830 901 2000 931 authoritate
2015 901 2152 938 prostrate
2163 902 2284 941 fuerint,
2304 902 2338 933 &-

1276 938 1374 973 precio
1397 938 1529 976 vendite,
1547 937 1620 968 nulla
1639 939 1682 968 seu
1705 938 1854 968 Arborum
1868 937 1914 970 seu
1932 937 2057 970 Pecunie
2069 948 2216 972 numerate
2232 942 2341 973 ratione

1275 974 1472 1006 Prebendariis
1486 976 1609 1014 reddita,
1628 977 1740 1007 necne?
1799 979 1842 1018 Q

1311 1013 1422 1044 Utrum
1442 1015 1634 1046 seneschallus
1652 1016 1686 1046 &
1710 1014 1858 1053 Receptor
1875 1015 2022 1046 Generalis
2037 1016 2113 1048 diere
2128 1014 2270 1057 Ecclefie,
2287 1018 2338 1049 ubi

1275 1053 1326 1084 iter
1346 1054 1470 1091 faciunt,
1490 1053 1570 1084 Billas
1593 1053 1706 1084 suorum
1732 1053 1927 1094 Expensorum
1952 1054 2073 1086 Decano
2090 1057 2123 1088 ὃ(
2138 1055 2275 1095 Capitulo
2288 1066 2338 1095 ap—

1276 1091 1435 1127 probandas
1449 1093 1601 1123 exhibeant
1617 1092 1774 1124 secundum
1789 1093 1863 1123 dicie
1879 1092 2004 1124 Ecclelie
2019 1093 2143 1133 Statura,
2160 1103 2209 1127 aut
2221 1096 2340 1127 arbitra-

1276 1138 1306 1160 tu
1319 1129 1369 1160 suo
1386 1131 1423 1160 de
1442 1130 1569 1161 Ecclesie
1582 1131 1659 1162 diere
1677 1131 1810 1162 Pecuniis
1826 1132 1989 1170 disponant,
2008 1133 2121 1164 necne?

1313 1166 1427 1200 Utrum
1448 1169 1640 1200 Seneschallus
1660 1171 1820 1200 Terrarum
1837 1170 1912 1200 diCte
1930 1170 2054 1202 Ecclesie
2070 1182 2121 1210 pro
2137 1180 2269 1210 tempore
2281 1172 2339 1204 exi-

1277 1206 1369 1246 stens,
1383 1208 1539 1239 secundum
1563 1210 1639 1239 dicte
1663 1208 1790 1239 Eccleiie
1814 1208 1936 1248 Statuta,
1960 1210 2058 1248 grandi
2080 1211 2208 1241 Pecunie
2231 1211 2342 1242 summa

1278 1245 1399 1276 Decano
1411 1249 1444 1278 ὅ(
1460 1247 1596 1286 Capitulo
1610 1247 1762 1278 obstrietus
1778 1248 1859 1278 fuerit
1869 1270 1879 1286 ,
1896 1257 1934 1278 ne
1947 1249 2015 1287 quid
2031 1249 2171 1281 concedat
2183 1249 2341 1280 secundum

1278 1283 1515 1316 consuetudinem
1542 1285 1683 1320 Manet-ii,
1707 1296 1735 1316 ut
1764 1287 1936 1325 loquuntur,
1956 1287 2006 1318 nifi
2021 1296 2069 1318 aut
2087 1287 2219 1320 Decanus
2234 1289 2346 1326 presens

1279 1323 1331 1360 sit,
1348 1332 1395 1354 aut
1417 1334 1490 1354 unus
1509 1325 1607 1360 aliquis
1625 1326 1642 1354 e
1666 1323 1860 1355 Prebendariis
1882 1327 1928 1364 qui
1950 1325 1978 1356 id
1993 1324 2198 1365 Chirographo
2214 1327 2346 1366 obsignet

1278 1361 1344 1396 suo,
1361 1363 1394 1394 ὃς
1409 1372 1504 1393 utrum
1518 1363 1610 1393 dietus
1623 1362 1814 1393 seneschallus
1830 1362 1937 1401 aliquid
1948 1386 1959 1402 ,
1977 1373 2007 1395 ut
2021 1364 2185 1404 predictum
2201 1365 2258 1404 est,
2273 1375 2347 1396 con·

1281 1397 1361 1430 cessit
1375 1402 1455 1438 quod
1469 1411 1529 1431 non
1544 1410 1574 1431 ut
1586 1401 1696 1431 dietum
1712 1401 1772 1440 est,
1789 1402 1975 1439 obsignetur,
1994 1403 2105 1434 necne?
2124 1404 2158 1435 ὃς
2174 1405 2252 1444 cujus
2266 1405 2347 1435 vicio

1282 1439 1392 1470 faClum
1408 1439 1468 1478 est,
1487 1450 1547 1478 quo
1566 1441 1657 1470 minus
1671 1440 1717 1471 tali
1731 1440 1907 1478 obligatione
1922 1440 2073 1472 obstrietus
2084 1442 2186 1473 fuerit?

1320 1477 1436 1509 Utrum
1452 1479 1599 1516 Receptor
1613 1478 1759 1509 Generalis
1774 1478 1977 1510 reddituum&
1988 1482 2190 1512 reventionum
2203 1481 2280 1513 dicte
2287 1481 2348 1513 Ec-

1282 1516 1363 1548 clelie
1388 1518 1544 1548 secundum
1567 1518 1673 1548 Statura
1699 1517 1776 1547 diste
1795 1516 1922 1547 Ecclelie
1934 1519 2098 1549 cautionem
2114 1520 2266 1557 prestiterit
2281 1521 2345 1551 ido-

1284 1566 1386 1593 neam,
1407 1566 1460 1593 pro
1478 1555 1610 1588 fidelitate
1633 1557 1716 1594 iplius
1736 1557 1765 1585 in
1786 1563 1867 1586 tanto
1882 1564 2001 1586 munere
2016 1558 2199 1597 exequendo,
2217 1560 2250 1590 &
2264 1560 2346 1598 cujus

1283 1595 1399 1625 defedtu
1415 1595 1520 1625 iactum
1538 1594 1596 1633 est,
1613 1605 1673 1631 quo
1689 1595 1783 1624 minus
1796 1594 1903 1624 didiam
1919 1594 2067 1631 prestiterit
2081 1597 2265 1628 cautionem?

1323 1634 1368 1664 Ac
1391 1642 1489 1664 utrum
1509 1633 1599 1665 dietus
1621 1636 1749 1663 Decanus
1771 1633 1807 1663 de
1830 1632 1986 1663 Securitate
1999 1633 2075 1664 dieta
2087 1635 2239 1674 exigenda,
2256 1636 2347 1676 sepius

1284 1672 1466 1710 admonitus,
1484 1682 1547 1702 earn
1564 1674 1677 1710 prestari
1692 1682 1750 1701 non
1765 1673 1923 1709 curaverit,
1941 1672 2056 1702 necne?

1325 1711 1370 1742 Ac
1387 1720 1484 1742 utrum
1500 1711 1595 1742 damni
1613 1712 1656 1741 vel
1672 1711 1871 1750 impedimenti
1887 1711 1989 1750 aliquid
2002 1711 2030 1741 in
2048 1710 2220 1743 Redditibus
2235 1713 2286 1744 suis
2295 1723 2345 1746 an-

1286 1752 1394 1782 nuatim
1404 1774 1413 1789 ,
1433 1759 1463 1781 ut
1474 1760 1527 1793 <par
1542 1750 1583 1780 est
1592 1775 1600 1788 ‚
1621 1749 1822 1787 respondendis
1835 1748 1948 1782 defectu
1962 1749 2039 1782 dicte
2051 1749 2213 1782 Securitatis
2225 1751 2351 1785 Ecclesia

1287 1791 1360 1821 dicta
1377 1790 1449 1828 palla
1465 1791 1565 1827 ruerit,
1584 1788 1695 1820 necne?

1327 1829 1439 1859 Utrum
1458 1829 1600 1866 predictus
1622 1831 1767 1866 Decanus,
1785 1827 1878 1859 versus
1893 1826 1971 1858 dicte
1988 1827 2114 1859 Ecclefie
2129 1829 2349 1869 Prebendarios‚

1288 1867 1456 1899 Confratres
1473 1868 1505 1898 ὃς
1520 1867 1709 1906 Coadjutores
1724 1869 1785 1898 suos
1797 1867 1827 1897 in
1836 1866 1989 1904 Regimine
2004 1866 2213 1899 dieteEcclefie
2228 1868 2352 1900 existen-

1289 1915 1344 1945 tes,
1364 1909 1392 1938 in
1406 1907 1489 1938 dietis
1504 1907 1637 1946 fadtisque
1652 1908 1677 1937 se
1690 1907 1764 1937 bene
1777 1904 1887 1945 gefferit
1903 1914 1987 1943 prout
2000 1905 2099 1944 decet,
2117 1907 2230 1938 necne?

1328 1950 1372 1977 Ac
1392 1955 1489 1978 utrum
1504 1956 1553 1977 ecs
1567 1946 1612 1977 vel
1626 1954 1729 1976 eorum
1743 1945 1852 1982 aliquos
1864 1945 2032 1975 nominibus
2045 1946 2244 1985 ignominiosis
2257 1946 2350 1986 publi-

1289 1985 1325 2016 ce
1345 1985 1538 2024 multitaverit,
1557 1985 1670 2016 necne?
1696 1993 1728 2015 ac
1748 1984 1850 2023 quibus
1868 1983 2036 2015 nominlbus
2055 1993 2104 2015 cos
2128 1985 2174 2017 vel
2187 1994 2290 2017 eorum
2301 1985 2352 2017 ali-

1290 2034 1363 2063 quos
1377 2024 1415 2055 sic
1429 2023 1679 2056 dehonestaverit?

1331 2063 1351 2083 ²¹³
1367 2062 1481 2095 Utrum
1505 2063 1647 2102 predictus
1660 2066 1787 2093 Decanus
1805 2061 2009 2093 Prebendarios
2024 2062 2053 2092 in
2067 2061 2196 2094 defuncti
2209 2063 2273 2095 loca
2287 2063 2347 2096 suc·
2371 2064 2484 2104 ⁸X1x,

1293 2102 1443 2140 cedentes,
1461 2111 1539 2134 extra
1556 2102 1602 2133 sua
1617 2101 1729 2140 propria
1744 2100 1827 2131 Stalla
1842 2099 2023 2132 installaverir
2037 2101 2082 2132 seu
2098 2101 2229 2134 installari
2243 2104 2352 2143 fecerit,
2370 2106 2386 2134 6
2392 2115 2404 2143 3
2410 2114 2438 2143 3.

1292 2150 1395 2173 contra
1412 2142 1522 2173 Statura
1532 2142 1566 2174 &
1581 2139 1810 2172 Consuetudinoe
1821 2139 1899 2170 dicre
1913 2139 2171 2179 Ecclesiemecne,
2188 2149 2234 2172 aut
2249 2142 2354 2180 aliquid

1289 2182 1466 2212 attentaverit
1481 2190 1535 2219 qua
1552 2179 1611 2211 Pax
1628 2179 1662 2211 &
1677 2178 1796 2211 Entaxia
1813 2178 1891 2210 dicte
1906 2177 2033 2210 Ecclesie
2046 2189 2083 2210 eo
2096 2179 2222 2220 respeetu
2238 2187 2359 2213 contur-

1290 2221 1420 2258 baretur,
1438 2219 1549 2250 necne?
2312 2234 2317 2238 ·

1330 2258 1377 2289 Ac
1402 2267 1500 2290 utrum
1523 2260 1646 2296 aliquem
1664 2258 1711 2289 vel
1724 2257 1832 2296 aliquos·
1848 2255 2104 2289 Prebendariorum
2118 2258 2134 2288 a
2145 2258 2208 2297 jure
2222 2257 2272 2290 suo
2285 2257 2356 2290 asse-

1289 2298 1382 2328 rendo
1398 2298 1482 2328 minis
1494 2299 1541 2328 vel
1558 2297 1753 2335 ignominiosis
1769 2297 1863 2328 verbis
1878 2296 2058 2335 deterruerit,
2077 2307 2168 2328 necne
2179 2297 2194 2327 Ρ

1328 2336 1441 2367 Utrum
1465 2337 1607 2374 predictus
1620 2339 1747 2366 Decanus
1760 2336 1857 2366 omnia
1873 2335 1917 2366 vel
1929 2335 2020 2374 aliqua
2032 2335 2253 2379 dic‘tetEcclesie
2263 2345 2352 2376 nego-

1290 2376 1345 2413 tia,
1364 2385 1419 2414 que
1441 2376 1517 2411 iuxta
1539 2375 1667 2406 Ecclelie
1685 2374 1811 2411 Statura,
1830 2373 1993 2404 Commi-,xii
2010 2374 2122 2405 Decani
2136 2375 2168 2406 &
2187 2375 2352 2407 Prebenda-

1290 2416 1400 2445 riorum
1423 2412 1555 2445 Consilio
1580 2416 1613 2445 &
1636 2413 1753 2443 Ass'enlu
1767 2414 1873 2452 agenda
1889 2412 1996 2451 cissnt,
2011 2414 2041 2442 in
2057 2421 2190 2453 magnam
2209 2414 2353 2445 existima-

1288 2454 1374 2484 tionis
1396 2453 1541 2483 dierorum
1559 2450 1816 2483 Prebendariorum
1837 2452 1978 2490 jailuram
1990 2475 1998 2489 ,
2013 2453 2041 2482 in
2057 2451 2084 2482 se
2095 2462 2185 2482 unum
2203 2453 2352 2484 transtule-

1288 2493 1339 2530 rit,
1360 2492 1475 2522 necne?
1513 2492 1557 2522 A:
1579 2500 1673 2522 utrum
1690 2490 1717 2521 id
1734 2499 1793 2520 non
1807 2492 1896 2528 egerit
1913 2499 1943 2520 ut
1956 2489 2135 2521 Prebendarii
2148 2492 2259 2529 reliquis
2275 2491 2349 2523 infe-

1288 2532 1397 2562 riorum
1415 2529 1553 2561 Cia-Tium
1569 2530 1621 2561 lint
1637 2530 1834 2566 contemptui,
1856 2538 1886 2558 ic
1904 2537 1998 2559 utrum
2015 2529 2116 2567 ,liquid
2135 2531 2177 2567 agi
2194 2531 2350 2568 curaverit,

1288 2580 1348 2608 quo
1360 2570 1456 2600 honor
1474 2570 1587 2601 debitus
1605 2568 1797 2600 Prebendariis
1813 2569 1847 2598 di
1863 2568 1894 2597 ti<
1909 2568 2060 2605 hatearur,
2079 2568 2191 2598 necne?

1325 2608 1440 2639 Utrum
1461 2608 1604 2646 predictus
1627 2610 1754 2639 Det-avus
1776 2614 1908 2643 tempore
1925 2606 2081 2637 Eieetitmis
2100 2609 2186 2637 Anno
2202 2605 2353 2636 millesimo

1288 2647 1492 2679 sexcentesimo
1504 2646 1645 2678 tricesimo
1659 2645 1799 2683 secundo,
1819 2643 1900 2674 Rure
1913 2653 1983 2676 tunc
1998 2644 2136 2682 exiliens,
2155 2654 2224 2675 cum
2240 2643 2352 2675 Subde-

1290 2697 1376 2717 canus
1400 2688 1433 2717 <Sc
1459 2687 1552 2724 plures
1577 2684 1760 2715 Prebendarii
1784 2684 1922 2719 presentes
1944 2684 2073 2721 aderant,
2101 2682 2245 2713 Vicarium
2267 2682 2350 2714 suum

1289 2725 1430 2763 quendam
1451 2725 1596 2754 Doc‘lorem
1618 2723 1759 2760 Hackett,
1778 2721 1952 2752 Membsum
1975 2721 2102 2751 Ecclclie
2118 2721 2195 2751 diere
2212 2728 2273 2750 non
2291 2722 2353 2752 exi-

1290 2765 1432 2801 stentem,
1452 2772 1507 2800 pto
1520 2762 1660 2792 elecstione
1672 2761 1746 2790 dieta
1761 2763 1927 2797 peragenda,
1945 2760 2136 2799 contra-diCte
2150 2758 2277 2790 Ecclesie
2292 2759 2354 2790 Sta-

1290 2811 1369 2840 tura,
1394 2803 1427 2833 &
1450 2803 1480 2831 in
1502 2801 1645 2831 dictorum
1670 2797 1927 2829 Prebendariorum
1947 2798 2135 2836 ignominiam
2158 2797 2357 2838 constituerit,

1290 2840 1404 2871 necne?

1330 2878 1443 2909 Utrum
1465 2876 1588 2915 Collegii
1608 2876 1679 2907 dieti
1699 2875 1876 2907 Communis
1904 2875 1973 2905 Aula
1997 2885 2050 2913 pro
2067 2877 2153 2906 veteri
2171 2877 2205 2907 &
2221 2875 2354 2907 laudabili

1289 2916 1493 2948 consuetudine
1515 2916 1583 2946 dicti
1610 2915 1734 2952 Colleqii
1760 2916 1840 2944 xt-riis
1865 2912 2039 2944 Carminum
2065 2916 2213 2953 generibus
2235 2917 2249 2945 a
2270 2916 2353 2954 regiis

1290 2956 1470 2987 Scholaribus
1484 2954 1668 2992 compositis,
1688 2954 1883 2984 Antiitersirio
1902 2952 1974 2982 testo
1993 2954 2213 2989 inaugurationis
2227 2953 2352 2984 Serenis-

41 3004 62 3023 ν
74 3006 156 3034 XlX.
227 2995 246 3013 ‘¹‘
267 2994 308 3024 Ac
324 3002 419 3023 utrum
437 2993 466 3023 in
482 3002 548 3022 eum
561 2991 646 3022 finem
664 2991 700 3021 de
713 2990 804 3030 Regia
823 2990 988 3028 Majestatc‚
1005 2994 1125 3023 nomine
1139 2992 1250 3023 Decani
1291 2996 1353 3026 fimi
1370 2994 1551 3031 Principis&
1570 2993 1691 3023 Domini
1709 2992 1797 3022 nostri
1814 2990 1906 3021 Caroli
1919 2993 2022 3022 ultimo
2035 2992 2128 3029 elapso
2143 2993 2249 3030 Anno,
2267 2993 2351 3023 vide-

42 3046 105 3080 ⁶3²-
195 3032 228 3063 &
246 3032 371 3070 Capituli
391 3031 611 3068 interpellando,
631 3030 766 3068 Capitulo
781 3039 811 3060 ut
826 3030 937 3060 dictum
951 3030 992 3061 est
1009 3031 1191 3070 inconsulto,
1206 3032 1255 3062 ali-
1291 3034 1375 3071 licet,
1394 3031 1734 3076 Millefimofixcentefimo
1751 3030 1880 3072 tricefimo
1892 3037 2006 3070 quarto,
2022 3034 2154 3062 adornata
2169 3032 2268 3069 fuerit,
2282 3041 2352 3062 nec·

196 3071 265 3109 quid
280 3071 384 3108 egerit,
403 3073 446 3099 seu
463 3070 499 3099 ab
511 3070 566 3099 aliis
582 3070 625 3108 agi
643 3069 852 3106 procuraverit,
871 3068 981 3099 necne?

229 3109 338 3140 Utrum
362 3108 502 3145 predictus
523 3111 650 3137 Decimus
672 3108 709 3137 de
731 3106 900 3137 Muneribus
923 3108 968 3137 vel
985 3106 1100 3138 Officiis
1115 3109 1253 3148 aliquibus

191 3148 463 3185 temporalibu5,aut
478 3146 626 3176 Beneficiis
638 3146 684 3176 seu
699 3145 934 3175 Promotioni'ous
951 3145 1169 3183 EccleliasticiS,
1179 3158 1253 3186 quo-

191 3197 254 3217 rum
270 3186 397 3216 Collatio
416 3188 448 3217 &
464 3184 595 3214 Donatio
609 3184 644 3214 ad
661 3184 815 3214 Decanum
831 3185 864 3215 &
883 3183 1090 3215 Prebendarios
1106 3187 1249 3224 conjunc-

191 3235 247 3256 tim
270 3224 390 3262 spectat,
409 3223 463 3253 sola
488 3224 657 3253 authoritate
673 3223 715 3253 sua
728 3245 736 3260 ,
753 3222 949 3253 Prebendariis
965 3225 1086 3254 minime
1101 3224 1251 3264 consultis,

192 3263 370 3300 disposuerit,
391 3262 502 3292 necne?

227 3302 271 3332 Ac
294 3310 388 3332 utrum
408 3300 552 3338 Scriptum
573 3299 687 3337 aliquod
711 3300 820 3330 Decani
838 3299 871 3330 &
891 3298 1016 3337 Capituli
1033 3301 1152 3331 nomine
1166 3302 1253 3332 emis-

190 3339 271 3376 sum,
287 3340 342 3369 alio
363 3349 447 3377 quam
473 3339 548 3369 dide
571 3338 699 3368 Ecclesie
719 3340 871 3369 communi
892 3338 991 3377 Sigillo
1013 3341 1135 3369 munivit
1160 3340 1252 3370 dicius

192 3381 319 3446 Decangs
334 3388 380 3437 εωξ
397 3378 502 3408 muniri
514 3379 629 3414 fecerit,
647 3386 747 3407 contra
762 3378 839 3407 dicte
852 3376 980 3408 Ecclelie
995 3376 1102 3409 Statura
1118 3378 1151 3409 &
1167 3377 1251 3410 Con-

198 3416 276 3447 suetu
302 3418 373 3447 ines.

228 3454 342 3484 Utrum
366 3454 521 3484 secundum
544 3453 758 3484 Sacramentum
779 3453 859 3483 suum
886 3463 916 3483 ea
937 3462 1013 3490 parte
1029 3454 1176 3491 prestitum
1189 3478 1198 3492 ,
1217 3455 1254 3486 de

192 3503 253 3523 non
276 3492 410 3530 ponendo
432 3493 562 3531 Sigillum
578 3492 744 3522 Communi
758 3492 842 3522 alicui
861 3492 993 3530 Scripto,
1011 3494 1058 3522 nisi
1073 3494 1101 3522 iri
1118 3495 1253 3531 presentia

192 3532 239 3561 sex
263 3531 517 3562 Prebendariorum
539 3531 725 3567 capitulariter
744 3539 985 3568 congregatorum
997 3554 1005 3567 ,
1025 3531 1251 3563 Conceffionem

195 3570 336 3606 quandam
358 3569 515 3606 prefeeture
530 3569 783 3606 Pertochotrophii
800 3570 844 3599 seu
863 3568 1014 3606 Hospitalis
1027 3571 1062 3600 de
1083 3571 1193 3609 Ruthyn
1211 3571 1266 3600 di-·

196 3609 259 3638 &us
279 3612 402 3667 Decanges
425 3606 587 3638 Communi
601 3608 678 3638 dicte
694 3607 822 3638 Ecclesie
837 3607 938 3645 Sigillo
956 3610 1111 3640 muniverit
1125 3619 1173 3640 aut
1190 3620 1256 3640 mu-

201 3647 253 3675 niti
268 3648 376 3677 fecerit.

234 3684 272 3714 Et
288 3694 385 3716 utrum
406 3683 512 3714 diflam
530 3683 755 3714 Concesl‘ionem
767 3707 776 3721 ,
795 3683 910 3714 cuidam
926 3686 1038 3714 Defieri
1055 3685 1147 3724 Lloyd
1159 3686 1255 3718 Com.-

197 3723 366 3758 provinciali
378 3724 427 3752 suo
442 3723 564 3758 factam,
581 3722 681 3752 debito
696 3723 786 3752 modo
801 3723 974 3759 obtinuerit,
994 3724 1105 3754 necne?

239 3761 282 3790 Ac
305 3770 400 3791 utrum
424 3760 516 3790 dislus
529 3764 657 3790 Decanus
677 3761 713 3790 de
727 3760 826 3799 Sigillo
841 3762 857 3789 e
872 3762 1037 3799 repolitorio
1050 3763 1099 3792 suo
1115 3762 1254 3793 violenter

200 3800 388 3836 extrahendo,
407 3798 425 3827 si
443 3798 622 3828 Prebendarii
638 3800 686 3836 qui
701 3799 784 3828 domi
801 3798 888 3829 essent
904 3800 1011 3829 dieram
1027 3800 1254 3832 Conceffionem

202 3835 425 3893 Sigillonmunire
439 3838 614 3875 recusarent,
634 3838 716 3868 alicui
731 3837 777 3868 vel
791 3837 929 3875 aliquibus
948 3838 1117 3870 Mandatum
1130 3840 1255 3878 dederit,

201 3882 306 3904 necne.

241 3910 352 3940 Utrum
366 3913 506 3950 predic'tus
520 3916 645 3943 Decanus
657 3913 760 3944 Terras
775 3915 818 3943 vcl
829 3914 1012 3944 Tenementa
1026 3914 1116 3953 aliqua
1132 3924 1185 3953 pro
1200 3927 1254 3946 no-

201 3960 243 3981 vo
257 3958 396 3980 annorum
412 3951 458 3980 vel
475 3952 598 3981 vitarum
613 3954 736 3982 termino
747 3976 755 3989 ,
771 3953 854 3982 alicui
873 3953 915 3982 vel
931 3954 1069 3990 aliquibus
1081 3954 1253 3984 concesserit

202 3988 250 4019 vel
271 3988 403 4030 concedi¹
416 3988 529 4024 fecerit,
545 3999 720 4027 preterquam
743 3993 770 4019 in
785 3991 958 4027 generalibus
976 3992 1113 4028 Capitulis
1130 3993 1162 4022 ὃ(
1178 4002 1254 4023 tern-

198 4036 268 4065 pore
283 4025 418 4058 habendis
430 4026 482 4057 illis
496 4027 649 4066 destinato,
667 4039 735 4059 cum
751 4029 842 4067 plures
855 4028 1036 4060 Prebendarii
1047 4039 1101 4062 nec
1118 4031 1253 4062 intersunt

1289 3072 1346 3102 ne?
1367 3073 1399 3102 &
1424 3081 1505 3109 cujus
1521 3071 1598 3100 vicio
1617 3071 1725 3100 facturn
1743 3079 1816 3108 erat,
1836 3078 1868 3100 ut
1883 3078 1942 3098 non
1958 3079 2011 3107 pto
2025 3079 2124 3108 more,
2139 3071 2177 3101 sic
2192 3080 2223 3102 ut
2238 3070 2351 3102 dictum

1290 3116 1317 3140 el
1338 3135 1346 3147 ‚
1365 3109 1567 3140 adornaretur?

1327 3148 1438 3179 Utrum
1463 3148 1609 3186 predietus
1628 3150 1755 3177 Decanus
1771 3170 1781 3184 ,
1807 3155 1933 3177 unacum
1952 3146 2149 3178 Prebendariis
2169 3157 2300 3186 tempore
2319 3148 2349 3178 in

1289 3188 1401 3219 Statuto
1421 3187 1595 3223 constituto,
1614 3186 1752 3216 Schoiam
1772 3185 2026 3217 Grammaticalem
2046 3187 2212 3224 visitaverit,
2229 3187 2264 3216 ad
2282 3195 2351 3225 pro-

1287 3228 1393 3265 gressus
1402 3226 1435 3256 δε
1443 3225 1636 3262 proficiencias
1645 3225 1830 3255 Scholarium
1846 3224 1954 3254 ibidem
1971 3224 2178 3255 observandum
2191 3225 2350 3256 secundum

1288 3266 1395 3297 Statura
1410 3265 1486 3294 die're
1502 3263 1641 3298 Ecclefie,
1664 3262 1775 3293 necne?
1815 3263 1861 3293 Ac
1877 3271 1972 3293 utrum
1986 3263 2126 3294 desidibus
2138 3265 2172 3295 ὃς
2186 3264 2310 3303 ignavis,
2328 3264 2353 3304 sa

1289 3305 1337 3342 qui
1352 3304 1471 3340 fuerint,
1488 3303 1550 3332 talia
1566 3302 1722 3332 adhibuerit
1740 3302 1880 3337 remedia,
1899 3311 1955 3340 que
1971 3302 1985 3331 a
2001 3302 2115 3333 Statutis
2128 3303 2325 3340 requirantur?

1327 3343 1374 3373 An
1393 3342 1492 3372 omnia
1508 3340 1707 3376 Liidimaigistri
1723 3340 1806 3370 solius
1820 3341 1963 3370 arbitratui
1977 3340 2147 3379 permiserit,
2162 3341 2276 3372 necne?
2299 3339 2348 3371 U-

1287 3390 1363 3412 trum
1378 3381 1518 3417 predictus
1537 3379 1668 3410 Decanus
1682 3378 1925 3415 Ludimagistrum
1938 3379 2111 3409 anrediCtum
2123 3389 2138 3410 a
2152 3379 2260 3410 Schola
2271 3379 2349 3411 dieta

1290 3418 1461 3450 instituenda
1480 3419 1631 3456 aliquoties
1643 3426 1702 3447 non
1720 3416 1897 3454 avocaverit,
1913 3426 1948 3446 ac
1962 3417 2042 3448 Rure
2054 3419 2147 3448 secum
2164 3427 2212 3458 per
2225 3418 2347 3457 longum

1289 3459 1425 3497 temporis
1448 3457 1571 3494 spacium
1593 3455 1759 3491 detinuerit,
1777 3462 1825 3486 aut
1850 3455 1954 3485 morari
1972 3456 2146 3494 permiserit?
2183 3457 2230 3487 Ac
2251 3466 2347 3487 utrum

1289 3496 1382 3527 dicsius
1402 3496 1533 3526 Decanus
1555 3493 1801 3533 Ludimagistrum
1824 3493 2002 3524 antedietum
2022 3496 2103 3524 variis
2120 3497 2239 3534 negotiis
2257 3495 2348 3536 sepitis

1291 3544 1350 3564 non
1372 3534 1574 3569 immiscuerit,
1593 3542 1652 3570 quo
1674 3534 1766 3562 minus
1787 3532 1863 3562 diere
1885 3532 1992 3562 Schole
2014 3532 2183 3564 institutioni
2205 3534 2294 3565 valeat
2305 3535 2349 3564 in·

1291 3573 1443 3611 cumbere,
1460 3571 1571 3602 necne?
1593 3571 1702 3601 Utrum
1718 3570 1858 3608 prediatus
1867 3569 2072 3611 Ludimagistet
2085 3582 2154 3602 cum
2170 3572 2244 3604 dieta
2252 3573 2347 3603 Scho-

1290 3612 1314 3641 la
1328 3621 1362 3641 ex
1375 3611 1560 3641 fundatorum
1576 3619 1673 3640 mente
1688 3609 1771 3639 libera
1785 3609 1886 3639 debeat
1900 3608 2035 3649 existere,
2055 3610 2246 3641 Denariorum
2261 3610 2345 3640 Suru-

1293 3659 1353 3680 mas
1368 3650 1469 3688 aliquas
1482 3658 1535 3686 pto
1553 3657 1642 3685 puero
1658 3647 1753 3685 aliquo
1766 3647 1937 3677 instituendo
1950 3649 2089 3687 exegerit,
2104 3649 2220 3680 necne?
2244 3648 2301 3677 Aut
2314 3657 2345 3678 a·

1291 3687 1399 3725 liquem
1414 3687 1458 3717 vel
1470 3688 1579 3724 aliquos
1594 3685 1737 3716 instituere
1752 3685 1920 3716 recusaverit
1931 3686 1980 3716 nisi
1999 3687 2134 3717 munerali
2146 3696 2181 3718 ex
2190 3684 2345 3719 comparebo

1291 3726 1424 3763 prestito,
1444 3726 1478 3756 &
1502 3734 1568 3762 quas
1591 3725 1709 3761 pecunie
1727 3723 1850 3754 summas
1870 3733 1922 3762 pro
1937 3723 2121 3756 Institutione
2132 3723 2268 3762 ejusmodi
2286 3723 2343 3762 fic,

1291 3773 1320 3794 ut
1338 3765 1499 3801 prediiffim
1516 3762 1571 3800 est,
1590 3762 1730 3799 exegerit?
1767 3762 1811 3792 Ac
1827 3772 1874 3800 per
1892 3763 1970 3798 cuius
1982 3771 2029 3794 aut
2043 3771 2167 3801 quorum
2184 3762 2344 3792 conniven-

1290 3803 1358 3832 tiam
1380 3803 1494 3832 tolerata
1516 3802 1548 3830 &
1572 3802 1735 3831 continuata
1748 3800 1831 3831 suerit
1846 3800 1971 3837 predicta
1987 3801 2114 3832 exactio?
2151 3797 2262 3829 Utrum
2279 3800 2343 3831 An·

1291 3850 1362 3870 nuus
1375 3840 1482 3877 viginti
1494 3838 1658 3869 Mercarum
1673 3839 1795 3869 redditus
1807 3840 1843 3869 ab
1858 3838 2087 3869 Honoratiffimo
2102 3835 2234 3867 Gulielmo
2248 3848 2343 3876 quon-

1291 3879 1356 3908 dam
1377 3878 1488 3909 Barone
1510 3877 1546 3907 de
1567 3877 1720 3915 Burghley,
1734 3877 1769 3907 ad
1795 3877 1900 3907 Libros
1919 3887 1972 3914 pro
1986 3875 2165 3907 Scholaribus
2178 3876 2214 3906 ad
2231 3877 2342 3908 Acade·

1291 3918 1378 3946 mium
1405 3916 1561 3946 discessuris
1583 3916 1759 3946 coemendos
1773 3938 1783 3953 ‚
1809 3914 1933 3946 Ecclesie
1954 3914 2030 3945 dicte
2048 3910 2205 3956 Collegiate
2222 3915 2342 3947 antehac

1290 3955 1426 3992 donatus,
1444 3956 1495 3984 rite
1520 3955 1553 3984 &
1576 3954 1729 3984 secundum
1750 3962 1876 3983 mentem
1895 3952 1968 3996 diffi,
1990 3948 2207 3994 Honorattiiimi
2227 3953 2344 3985 Batonis

1290 3993 1496 4023 administratus
1510 3991 1606 4029 fuerit,
1627 3992 1736 4022 necne?
1761 3991 1798 4021 Et
1815 3992 1833 4020 si
1849 4000 1908 4020 non
1921 3996 1991 4024 rite,
2012 3997 2093 4025 cujus
2103 3989 2130 4019 id
2148 3992 2219 4022 vitio
2231 3991 2343 4024 fastum

1289 4031 1345 4069 est,
1368 4029 1427 4069 quo
1440 4032 1532 4063 minus
1546 4032 1615 4062 tanti
1630 4031 1682 4062 viri
1699 4039 1758 4061 tam
1774 4029 1824 4066 piis
1839 4028 1913 4058 votis
1927 4025 2143 4064 respondeatur?
2237 4067 2272 4099 U

1727 4083 1730 4086 ⁴
2274 4076 2348 4100 trum

2531 334 2536 372 l
