2536 4255
688 119 802 160 ET
890 119 1159 160 ACTA

0 213 58 241 lnn.
73 210 115 242 D.
130 207 182 236 bus
201 204 234 234 &
252 204 466 237 Succefforibus
479 205 579 236 nostris
593 205 755 236 exeuntium
773 203 829 234 sive
843 202 1021 242 solubilium;

4 249 88 280 1626,
165 243 211 272 Ac
224 252 320 273 totum
335 243 416 274 illum
437 245 585 275 annualem
610 243 769 273 Redditum
791 245 847 272 live
867 241 996 272 Feodum
1026 239 1112 271 Firm’
1129 248 1184 268 no-

0 291 19 314 {a
52 299 78 315 2,
130 281 218 311 strum
237 282 435 320 quatuordecim
443 283 604 318 Librarum,
621 282 656 311 de
670 281 813 311 Dominio
823 280 879 309 five
889 279 1021 309 Manerio
1035 279 1069 308 de
1085 276 1184 307 South-

0 330 46 357 τῃ,
72 335 95 355 1,
128 319 224 349 would
235 323 262 349 in
279 319 409 356 predieto
425 321 570 351 Comitatu
585 318 720 357 Suffilcie,
739 319 823 348 nobis
837 317 998 348 Heredibus
1016 318 1049 347 &
1063 317 1183 347 Succes-

127 358 234 388 soribus
250 357 352 388 nostris
365 359 533 389 exeuntium
549 357 605 387 five
618 357 802 393 solubilium3

167 397 210 426 Ac
227 404 323 427 totum
339 397 422 427 illum
442 395 591 426 annualem
612 394 773 425 Redditum
795 394 854 423 five
875 393 1005 423 Feodum
1024 392 1112 423 Firm'
1129 401 1183 421 no-

126 433 215 464 strum
230 438 347 472 triginta
362 441 479 476 quatuor
493 433 643 462 Librarum
655 436 771 473 quinque
786 431 932 462 Solidorum
947 431 985 466 &
994 434 1109 471 quinquo
1125 433 1184 459 De-

125 478 281 510 nariormn,
300 474 335 504 de
350 473 483 502 Manerio
498 473 534 500 de
551 469 688 508 Wzllham
704 472 733 500 in
764 470 873 500 redieto
889 468 1037 500 Comitatu
1049 469 1184 506 Suffbffie,

124 513 206 541 nobis
221 511 381 543 Heredibus
401 511 435 542 &
458 509 673 540 Succefforibus
695 510 797 539 notris
817 509 982 538 exeuntium
1005 507 1060 538 five
1080 508 1184 538 lolubi-

1250 115 1718 158 PUBLICA.
2210 111 2259 148 61

1217 209 1277 229 rum
1307 204 1466 237 eptuaginta
1483 203 1541 231 0510
1550 200 1700 230 Librarum
1716 202 1800 227 trium
1813 200 1961 229 Solidorum
1968 198 2020 238 fix
2029 197 2212 227 Denariorum
2226 187 2264 224 ῤ’
2286 188 2364 220 Ann.
2379 191 2427 229 D,

1218 241 1296 266 unius
1311 237 1411 275 obuli,
1427 240 1460 269 &
1477 248 1525 276 per
1539 238 1700 275 particulare
1714 237 1875 273 predictum
1888 237 1921 266 ad
1934 239 2039 267 clarum
2057 235 2194 265 Annuum
2211 229 2267 259 Va-
2308 228 2392 260 1626.

1217 275 1305 305 iorem
1316 274 1447 313 sexdecim
1462 276 1535 304 mille
1553 279 1778 311 noningentarum
1799 273 1836 307 ὠ·
1850 275 1996 315 quindecim
2010 274 2173 308 Librarum,
2193 268 2263 300 ultra
2282 269 2335 293 An-
2354 278 2380 298 2.

1217 312 1327 350 reprisas
1341 313 1406 343 inde
1420 313 1571 348 deduffls3
1588 313 1760 343 Habendum
1777 313 1930 342 tenendum
1947 315 1979 345 &
1994 311 2175 352 gaudendum
2196 317 2263 337 om·
2281 307 2344 335 Car,
2366 315 2391 335 1.

1218 352 1264 382 nia
1281 352 1314 382 &
1330 351 1432 389 singula
1451 350 1577 388 predicta
1592 350 1707 379 Domos
1723 348 1911 379 Mansionales
1926 351 2029 382 Parcos
2042 351 2146 381 Terras
2167 347 2266 378 Tene-

1219 398 1314 420 menta
1336 389 1467 419 annuales
1495 388 1634 417 Redditus
1654 387 1709 417 sive
1731 387 1826 417 Feoda
1849 388 1942 419 Firma
1964 389 2100 420 Decimas
2120 389 2154 419 ὃὸ
2176 394 2268 417 cetera

1219 426 1350 465 premissa
1363 427 1483 464 superius
1506 435 1556 463 per
1575 425 1710 462 presentes
1730 425 1911 461 preconceffa
1933 427 2037 463 prefate
2059 424 2267 464 prechariffime

1218 467 1252 497 &
1271 466 1290 487 *Ε
1310 463 1535 504 prediletstisfime
1549 461 1684 493 Consorti
1699 462 1790 493 nostre
1808 462 1936 493 Domine
1952 466 2094 493 Hem-ime
2106 467 2200 494 Marie
2213 467 2267 493 Re·
2286 459 2419 494 ‘'XVIII‘'

1216 508 1295 543 gine,
1313 514 1329 534 a
1343 503 1420 535 festo
1432 503 1527 532 Sanbli
1540 499 1672 530 Michael'
1687 500 1857 536 Archangeli
1871 502 1973 532 ultimo
1988 505 2117 539 preterito
2131 504 2164 533 ad
2186 502 2263 533 Ter·
2282 507 2346 535 713.

3 1406 105 1433 XVIII

122 549 214 588 lium;

162 589 209 619 Ac
222 595 317 618 toturn
332 584 412 616 illurn
435 586 583 616 annualem
607 584 766 615 Redditum
789 583 846 614 five
870 582 1001 614 Feodum
1026 582 1112 613 Firm'
1132 590 1188 612 no-'

125 625 216 658 strum
226 624 363 664 sexdecim
381 624 532 654 Librarum
562 624 730 663 eptemdectm
743 619 942 656 Solidorum&
963 632 1061 652 novem
1085 624 1185 651 Dena-

125 668 242 700 riorum,
258 662 294 693 de
309 662 454 692 Dominiis
467 665 499 694 &
553 664 650 693 aneriis
666 662 701 692 de
726 660 887 701 Lovestofte
898 684 907 698 ‚
929 659 1085 698 alisiam,
1104 659 1184 697 uest-

117 702 219 742 fleon,
236 700 428 739 Northfleete,
445 701 632 741 Southfleete,
652 699 793 739 Gorleston
812 700 845 730 &
865 697 998 737 Mutford
1011 699 1039 728 in
1055 698 1184 736 predicto

122 738 273 771 Comitatu
285 739 423 779 Suffolcie‚
439 741 524 771 nobis
540 738 702 771 Heredibus
718 741 750 769 &
764 738 977 769 Successoribus
994 736 1094 767 nostris
1117 745 1182 768 exe-

125 778 240 809 untium
255 777 312 808 five
325 778 487 809 solubilium
497 790 508 816 3

146 815 206 846 *Ac
222 824 318 847 totum
334 815 415 848 illum
432 815 581 848 annualem
605 814 769 845 Redditum
794 814 853 845 five
872 813 1004 845 Feodum
1025 812 1113 843 Firm'
1131 823 1185 844 no-

121 854 214 886 strum
233 857 349 892 triginta
365 858 480 897 quinque
498 854 652 884 Librarum
662 852 717 894 fix
732 852 881 883 Solidorum
895 851 934 887 ό·
946 853 1035 882 decem
1051 855 1186 882 Denario-

123 903 201 930 rum,
219 893 256 924 de
272 893 420 924 Dominio
432 895 467 924 &
486 892 621 923 Manerio
635 892 672 922 de
684 891 829 931 Ellergate
846 892 879 923 ὃς
893 890 1026 929 Collegio
1044 891 1100 921 five
1114 891 1187 922 libe-

124 942 155 961 ra
170 931 290 970 Capella
309 931 379 962 infra
397 930 553 962 Ecclefiam
568 931 604 961 de
619 928 736 974 Bospam
751 932 781 960 in
804 929 933 968 predicto
958 929 1104 960 Comitatu
1122 928 1186 968 Sus:

119 969 207 1040 ζέἷζῦ
219 971 303 1000 nobis
320 969 480 1002 Heredibus
493 971 527 1002 ὅτ.
539 969 754 1001 Successoribus
770 968 874 999 nostris
887 969 1051 999 exeuntium
1067 968 1123 999 five
1142 970 1187 998 so-

137 1019 154 1040 u
178 1018 186 1038 1
209 1018 275 1046 um,

155 1047 209 1078 >Ac
223 1054 318 1078 totum
334 1046 414 1078 illum
430 1046 580 1078 annualem
603 1045 764 1077 Redditum
787 1045 844 1077 five
866 1044 998 1076 Feodum
1022 1044 1114 1074 Firm'
1134 1053 1189 1074 no-

122 1085 230 1124 strum,
248 1092 366 1126 quatuor
394 1086 546 1116 Librarum
569 1085 606 1116 de
632 1085 768 1115 Manerio
785 1084 822 1114 de
846 1084 916 1114 Iden
942 1084 972 1113 in
997 1081 1190 1112 Comitatibus

126 1124 229 1155 nostris
245 1128 337 1154 Surrie
355 1125 388 1157 &
404 1124 521 1163 Sufflx',
546 1124 593 1155 vel
616 1133 716 1154 eorum
734 1123 841 1159 altem,
865 1122 948 1152 nobis
966 1120 1130 1152 Heredibus
1154 1122 1188 1152 &

125 1162 341 1193 Successoribus
353 1162 456 1194 nostris
469 1164 634 1193 exeuntium
652 1162 709 1192 five
722 1160 901 1197 solubilium;

164 1201 211 1232 Ac
229 1209 321 1233 totum
338 1201 418 1232 illum
437 1201 587 1232 annualem
607 1200 768 1230 Redditum
787 1197 844 1228 five
868 1197 1000 1227 Feodum
1029 1196 1116 1227 Firm'
1135 1206 1191 1226 no-

128 1238 218 1270 strum
237 1243 353 1282 quinque
371 1240 525 1270 Librarum
541 1240 598 1269 οέῖσ
610 1237 761 1268 Solidorum
783 1233 822 1270 ὠ·
845 1243 963 1277 quatuor
988 1238 1172 1265 Denariorum
1183 1259 1193 1273 ,

127 1278 165 1309 de
181 1278 318 1309 Manetio
335 1278 372 1309 de
390 1282 468 1318 Bury
479 1280 508 1308 in
525 1277 655 1316 predictis
664 1274 859 1305 Comitatibus
872 1277 961 1303 Surrie
975 1274 1007 1303 ὃ(
1022 1274 1136 1312 Suffox'‚
1145 1275 1191 1305 vel

127 1317 351 1385 compilarem,
368 1319 452 1348 nobis
465 1315 624 1347 Heredibus
638 1314 671 1345 &
686 1311 898 1344 Successoribus
914 1311 1014 1342 nostris
1029 1315 1191 1343 exeuntium

128 1355 186 1385 five
213 1365 232 1384 o
245 1356 363 1386 ubilium
374 1366 381 1372 ·

168 1394 188 1414 *
203 1394 248 1424 Ac
265 1402 359 1424 totum
373 1378 454 1422 illurn
469 1390 618 1421 annualem
632 1388 794 1420 Redditum
808 1389 866 1420 five
882 1388 1012 1420 Feodum
1030 1388 1118 1419 Firm'
1137 1399 1192 1420 no-

132 1431 221 1462 strum
237 1436 321 1461 trium
334 1430 486 1460 Librarum
500 1432 565 1471 quin
585 1439 616 1458 ue
632 1427 781 1458 Solidorum
799 1428 887 1458 decem
905 1430 1091 1459 Denariorum
1108 1427 1146 1463 &⁶
1162 1440 1193 1458 u-

132 1474 194 1501 nius
207 1468 306 1506 Obuli,
321 1468 358 1498 de
371 1467 509 1498 Manerio
523 1469 556 1499 ὃς
566 1440 664 1498 {arco
677 1466 713 1497 de
729 1465 876 1497 Halnaker
892 1467 924 1497 in
937 1466 1068 1504 prediffis
1088 1467 1194 1497 Corni-

128 1509 229 1539 tatibus
242 1509 332 1536 Surrie
345 1506 380 1537 δε
394 1505 498 1545 Suffix,
515 1505 560 1536 vel
573 1514 676 1536 eorum
691 1504 790 1543 altem,
804 1506 891 1536 nobis
901 1504 1062 1536 Heredibus
1073 1506 1106 1536 &
1122 1504 1194 1536 Suc-

129 1546 283 1579 cefforibus
297 1545 400 1575 nostris
415 1545 581 1576 exeuntium
599 1544 654 1574 five
668 1543 852 1582 solubilium3

166 1585 213 1615 Ac
228 1592 326 1614 totum
342 1582 423 1614 illum
450 1583 601 1614 annualem
625 1581 786 1613 Redditum
810 1583 867 1614 five
882 1581 1013 1613 Feodum
1037 1581 1125 1612 Firm’
1139 1592 1195 1612 no-

133 1623 225 1654 strum
242 1625 326 1652 trium
337 1621 490 1652 Librarum
498 1620 553 1662 sex
570 1620 717 1651 Solia'orum
729 1620 768 1656 ώ-
783 1622 841 1651 οὸἶο
855 1623 1055 1658 Denariorum,
1071 1621 1106 1650 de
1123 1620 1196 1651 Villa

130 1659 281 1700 Staffordie
293 1661 321 1690 in
337 1659 492 1691 Comitatu
513 1659 614 1690 nostro
626 1658 784 1698 Staffiordie,
802 1659 886 1689 nobis
898 1659 1060 1690 Heredibus
1076 1660 1109 1690 ὃς
1123 1659 1198 1690 Suc-

132 1700 290 1731 cefl'oribus
309 1699 410 1729 nostris
428 1699 594 1730 exeuntium
614 1698 671 1728 five
685 1698 867 1736 solubilium3

173 1738 219 1769 Ac
234 1746 330 1769 totum
346 1737 426 1767 illum
442 1737 590 1768 annualem
614 1736 777 1766 Redditum
804 1736 860 1767 five
883 1735 907 1766 F
909 1735 1016 1766 eodum
1041 1734 1128 1765 Firm’
1145 1744 1200 1764 no-

135 1777 225 1809 strum
239 1779 358 1818 quinque
370 1775 521 1805 Librarum
539 1776 575 1806 de
590 1774 722 1805 Clement'
735 1773 808 1805 Villa
829 1775 866 1804 de
888 1773 1034 1804 Allerwas
1055 1774 1084 1803 in
1105 1773 1199 1811 predi—

134 1815 186 1846 ἂο
201 1813 353 1846 Comitatu
365 1813 530 1852 Staffordie‚
549 1814 634 1845 nobis
648 1812 812 1844 Heredibus
826 1813 860 1844 δε
872 1811 1086 1843 Successoribus
1099 1811 1202 1843 nostris

134 1854 298 1886 exeuntium
313 1853 372 1884 five
387 1852 570 1892 solubilium3

92 1896 94 1898 '
173 1892 220 1922 Ac
238 1900 335 1923 toturn
349 1891 428 1922 illum
444 1892 593 1922 annualem
617 1890 778 1922 Redditum
799 1889 855 1920 five
879 1888 1010 1921 Feodum
1038 1886 1126 1919 Firm'
1145 1898 1200 1919 no-

137 1930 228 1962 strum
246 1939 344 1961 novem
362 1930 531 1968 Librarum,
546 1929 584 1960 de
599 1928 735 1960 Manerio
754 1929 791 1959 de
808 1926 931 1968 Kinfare
952 1928 985 1959 &
1000 1931 1149 1965 stourton,
1167 1928 1201 1958 &

137 1968 245 2008 Forefla
257 1969 294 1999 de
307 1970 366 1999 Kin
380 1979 427 1998 are
442 1970 473 1999 in
494 1968 624 2008 predicto
641 1967 791 1999 Comitatu
802 1967 949 2007 Stafflra'ie
960 1989 970 2005 ,
987 1967 1072 1998 nobis
1085 1965 1203 1998 Heredi-

136 2009 190 2040 bus
205 2009 239 2039 &
255 2007 363 2038 Succei
373 2008 472 2038 oribus
482 2007 584 2038 nostris
599 2007 761 2037 exeuntium
785 2007 843 2037 five
864 2006 1043 2043 solubilium

171 2047 221 2077 Ac
236 2054 334 2078 toturn
350 2046 431 2077 illum
457 2046 608 2077 annualem
629 2045 789 2076 Redditum
810 2045 866 2075 five
887 2044 1019 2074 Feodum
1043 2043 1132 2074 Firm'
1149 2053 1203 2075 no-

140 2085 228 2116 strum
242 2085 377 2115 duodecim
392 2084 540 2115 Librarum
552 2087 616 2125 quin
635 2095 667 2113 ue
679 2083 828 2114 Solidorum
841 2082 880 2119 ό,
893 2083 953 2112 olla
965 2085 1161 2121 Denariorum,
1166 2082 1203 2113 de

139 2124 287 2155 Dominio
300 2125 335 2155 &
350 2122 485 2168 Manerio
500 2094 655 2167 danway
669 2124 703 2155 &
717 2121 821 2153 Castro
834 2122 868 2153 &
883 2120 978 2161 Burgo
992 2121 1029 2151 de
1041 2120 1200 2166 Dudley,ac

140 2162 235 2194 Pareo
247 2163 283 2194 de
297 2161 405 2203 Dudley
417 2172 447 2192 m
463 2162 594 2202 predicto
608 2161 761 2195 Comitatu
788 2159 934 2200 Stafflrdie
948 2184 958 2197 ,
977 2160 1061 2191 nobis
1079 2159 1203 2191 Heredi-

142 2202 197 2232 bus
209 2202 243 2232 &
258 2200 474 2232 Suceefforibus
489 2200 592 2231 nostris
608 2201 771 2232 exeuntium
786 2200 843 2231 five
856 2199 1037 2237 solubilium3

181 2240 226 2270 Ac
239 2246 336 2271 totum
351 2239 430 2270 illum
445 2239 593 2270 annualem
617 2238 776 2270 Redditum
803 2238 861 2269 five
886 2236 1020 2269 Feodum
1047 2237 1135 2267 Firm’
1150 2247 1206 2268 no-

143 2278 233 2308 strum
245 2278 378 2308 duodecim
394 2277 560 2316 Librarum,
577 2278 613 2309 de
630 2278 768 2309 omnibus
781 2277 880 2307 Terris
896 2277 930 2308 &
942 2276 1132 2307 Tenementis
1150 2285 1206 2314 que

141 2317 232 2346 Henr'
249 2318 284 2357 de
297 2316 441 2346 Condover
456 2318 547 2348 tenuit
564 2318 593 2347 in
609 2314 746 2347 Fittleton
762 2317 791 2346 in
807 2315 958 2346 Comitatu
973 2314 1073 2345 nostro
1090 2314 1207 2353 Wiltes,

140 2356 229 2424 lnobis
247 2355 410 2386 Hereditatis
428 2356 462 2388 &
479 2354 692 2387 Succefforibus
714 2353 816 2385 nostris
835 2354 1016 2385 exeuentium
1034 2353 1091 2384 five
1103 2353 1208 2385 solubi-

152 2403 211 2424 1um
221 2403 233 2431 ,-

179 2432 226 2463 Ac
241 2439 335 2463 totum
351 2432 433 2462 illum
449 2433 602 2464 annualem
618 2431 777 2463 Redditum
800 2431 857 2463 five
881 2429 1014 2462 Feodum
1040 2428 1131 2460 Firm’
1153 2439 1209 2461 no-

143 2471 237 2501 strum
255 2472 394 2508 oHoginta
410 2471 526 2501 duarum
544 2471 694 2501 Librarum
711 2470 750 2505 ὠ
765 2473 866 2508 viginti
879 2470 992 2500 duorum
1014 2470 1208 2506 Denariormffi
1226 2471 1231 2474 “

143 2511 181 2540 de
195 2509 270 2540 Villa
278 2510 317 2540 =de
335 2509 429 2539 Wiche
444 2511 473 2539 in
488 2510 569 2540 dieto
584 2509 738 2540 Comitatu
756 2508 857 2539 nostro
875 2511 1031 2546 Wigornie,
1050 2507 1133 2538 nobis
1145 2507 1210 2538 He-

142 2549 257 2580 redibus
273 2549 306 2579 ὃς
323 2547 537 2581 Succefforibus
553 2547 653 2579 nostris
669 2548 832 2578 exeuntium
848 2547 904 2578 five
923 2547 1106 2583 solubilium3

182 2587 338 2618 Actorum
350 2587 435 2617 illum
460 2587 611 2618 annualem
633 2586 794 2617 Redditum
820 2586 878 2616 five
898 2585 1029 2616 Feodum
1046 2584 1135 2615 Firm'
1153 2594 1209 2615 no-

141 2627 235 2657 strum
247 2629 364 2663 triginta
379 2626 437 2655 od‘c'o
450 2625 602 2656 Librarum
624 2631 743 2666 quatuor
767 2623 914 2654 solidorum
937 2633 1052 2665 qumque
1069 2625 1210 2654 ‘Denario-

144 2675 205 2696 rum
219 2661 258 2699 ό»
273 2667 351 2695 unius
365 2664 545 2706 quadrantis,
562 2665 598 2695 de
612 2663 747 2695 Manerio
764 2663 801 2693 de
815 2661 980 2693 Feckenham
1004 2671 1037 2692 ac
1061 2660 1152 2692 Pareo
1174 2662 1210 2692 de

146 2702 314 2734 Feokenhaem
327 2703 361 2733 &
378 2703 555 2734 Molendino
569 2711 675 2734 vocato
687 2701 855 2733 Feckenham
873 2701 937 2731 Pool
949 2702 978 2730 in
995 2699 1124 2738 predicto
1142 2699 1205 2731 Co-

147 2744 251 2774 mitatu
261 2744 421 2780 Wigornie,
441 2742 523 2772 nobis
536 2741 700 2773 Heredibus
714 2741 748 2772 &
764 2740 978 2772 Succefforibus
990 2738 1091 2770 nostris
1104 2747 1210 2770 exeun-

147 2782 223 2813 -tium
238 2780 296 2811 five
310 2780 493 2819 solubilium3

184 2819 230 2850 Ac
245 2827 339 2849 totum
351 2819 435 2849 illum
458 2819 607 2850 annualem
627 2818 789 2850 Redditum
814 2819 870 2849 five
895 2817 1027 2848 Feodum
1048 2815 1137 2846 Firm'
1155 2826 1210 2847 no-

145 2858 238 2888 strum
252 2857 384 2887 duodecim
398 2857 547 2888 Librarum
561 2858 593 2887 de
609 2860 746 2895 Kington‚
764 2859 792 2887 in
807 2857 957 2887 Comitatu
973 2855 1073 2885 nostro
1087 2857 1211 2885 Warwi-

150 2899 200 2965 gi
211 2896 293 2926 nobis
304 2895 466 2927 Hei-edibus
482 2898 515 2929 &
528 2896 741 2928 Successoribus
762 2894 864 2926 nostris
883 2895 1045 2925 exeuntium
1063 2892 1118 2924 five
1136 2893 1211 2924 solu-

172 2946 179 2965 1
195 2943 272 2972 ium3

192 2973 238 3004 Ac
251 2980 347 3003 totum
360 2971 441 3003 >illum
464 2974 612 3005 annualem
633 2972 793 3003 Redditum
818 2972 877 3002 five
899 2970 1030 3002 Feodum
1050 2970 1139 3000 Firm’
1152 2980 1208 3001 no-

151 3012 244 3042 strum
260 3018 367 3040 centum
386 3009 425 3045 ὠ*
433 3010 569 3051 sexdecim
588 3011 752 3049 Solidorum,
769 3012 804 3042 de
822 3010 895 3041 Villa
915 3011 947 3041 &
961 3009 1055 3048 Burgo
1076 3008 1112 3039 de
1128 3012 1210 3038 Tam-

151 3049 247 3081 worth
261 3050 288 3079 in
305 3048 433 3086 predicto
449 3049 597 3082 Comitatu
613 3052 740 3079 Warwici
750 3073 760 3088 ‚
776 3050 858 3079 nobis
874 3048 1037 3080 Heredibus
1051 3047 1084 3078 &
1094 3047 1211 3078 Succes-

148 3091 258 3122 'soribus
273 3086 375 3117 nostris
388 3090 551 3119 exeuntium
567 3089 624 3120 five
640 3087 822 3125 solubilium2,

191 3129 236 3160 Ac
250 3135 346 3158 toturn
366 3125 447 3156 illum
465 3127 613 3158 annualem
631 3126 790 3157 Redditum
811 3126 865 3155 five
891 3125 1019 3156 Feodum
1047 3123 1135 3155 Firm'
1155 3135 1209 3155 no-

154 3168 245 3198 strum
277 3168 373 3204 umque
387 3165 549 3203 Librarum,
569 3165 605 3196 de
621 3164 714 3204 Burgo
728 3164 763 3196 de
773 3167 909 3195 Warwico
926 3165 953 3194 in
968 3163 1096 3201 preditSm
1110 3163 1213 3193 Comi-

153 3215 214 3237 tatu
263 3205 372 3240 arwici,
388 3204 469 3234 nobis
484 3203 646 3235 Heredibus
661 3204 693 3234 &
709 3203 922 3234 Succefforibus
934 3203 1036 3234 nostris
1050 3203 1213 3233 exeuntium

147 3245 210 3276 sive
226 3242 407 3280 solubilium3

193 3283 239 3313 Ac
256 3289 351 3312 totum
367 3279 447 3309 illum
461 3280 608 3311 annualem
623 3280 785 3312 Redditum
813 3279 869 3310 five
887 3279 1019 3311 Feodum
1048 3279 1139 3310 Firm’
1157 3289 1211 3309 no-

156 3321 246 3352 strum
274 3327 379 3350 centum
402 3318 553 3348 Librarum
573 3318 611 3355 ῤ’
633 3322 746 3361 quinque
767 3318 934 3356 solidorum,
960 3319 997 3349 de
1019 3318 1154 3350 Manerio
1177 3318 1214 3350 de

158 3358 303 3399 Rudfenne
316 3359 345 3388 in
361 3356 490 3400 pre-dicto
503 3357 651 3389 Comitatu
665 3361 806 3396 Warwici‚
821 3357 904 3388 nobis
919 3356 1125 3389 Heredibus&
1141 3358 1214 3390 Suc-

158 3399 314 3430 cessoribus
328 3395 428 3426 nostr1s
440 3397 603 3427 exeuntium
618 3397 675 3427 five
687 3396 844 3427 solubilium
855 3408 866 3435 3

197 3438 242 3468 Ac
258 3445 351 3467 totum
366 3434 445 3463 illurn
459 3435 608 3464 annualem
631 3435 789 3466 Redditum
811 3435 867 3465 five
892 3434 1026 3465 Feodum
1051 3435 1140 3465 Firm'
1159 3446 1214 3466 no-

158 3476 249 3507 strum
265 3476 463 3515 quinquaginta
477 3472 644 3515 Librarum,
662 3474 698 3504 de
713 3474 787 3505 Villa
807 3472 1019 3511 Southampton,
1047 3475 1132 3504 nobis
1151 3474 1215 3504 He-

157 3515 268 3546 redibus
282 3515 314 3544 &
330 3511 544 3543 Succellonbus
561 3511 660 3541 nostris
671 3513 835 3543 exeuntium
850 3513 906 3543 five
929 3512 1111 3550 solubilium

198 3554 243 3584 Ac
259 3560 354 3585 toturn
372 3550 451 3580 illurn
475 3549 625 3579 annualem
649 3549 809 3581 Redditum
830 3551 885 3581 five
906 3550 1035 3581 Feodum
1053 3550 1142 3581 Firm’
1161 3560 1214 3581 no-

159 3592 247 3622 strum
259 3592 458 3630 quinquaginta
475 3594 592 3626 quatuor
607 3587 757 3618 Librarum
768 3589 854 3619 decem
872 3588 1020 3619 Solidorum
1040 3588 1079 3624 ῤ’
1097 3597 1217 3629 quatuor

160 3634 346 3660 Denariorum
357 3651 366 3667 ,
385 3628 420 3659 de
436 3626 507 3656 Villa
523 3626 556 3657 de
572 3625 717 3666 Kiugstone
725 3627 811 3668 supra
832 3627 904 3657 Hull
914 3651 924 3665 ‚
950 3628 1032 3658 nobis
1056 3626 1218 3658 Heredibus

160 3669 193 3699 ὃς
212 3667 424 3699 Successor-ibus
437 3665 537 3695 nostris
550 3666 712 3695 exeuntium
729 3665 786 3695 five
802 3665 982 3696 solubilium:

200 3706 245 3737 Ac
261 3715 357 3738 totum
375 3706 451 3736 illum
466 3704 615 3735 annualem
630 3702 789 3734 Redditum
810 3703 866 3734 five
892 3704 1023 3734 Feodum
1050 3704 1138 3734 Firm’
1163 3715 1217 3735 no-

164 3743 252 3775 strum
269 3748 350 3774 trium
365 3744 514 3774 Librarum
534 3750 650 3782 quatuor
675 3740 824 3771 solidorum
842 3750 958 3781 quatuor
980 3745 1161 3773 Denariorum
1179 3742 1218 3778 ό»

166 3787 244 3813 unius
261 3782 358 3820 obuli,
377 3782 414 3812 de
435 3783 633 3812 Advocatione
660 3780 830 3811 Donatione
850 3779 1057 3811 Presentatione
1077 3783 1110 3813 δε
1130 3783 1218 3813 libera

165 3820 359 3857 Dispofitione
372 3819 484 3858 &jure
504 3819 670 3850 patronatus
688 3818 826 3849 Rectorie
843 3819 875 3848 &
899 3818 1025 3849 Ecclefie
1048 3819 1218 3851 Parochialis

162 3860 199 3890 de
218 3857 384 3896 Wolstanton
399 3860 427 3888 in
442 3859 572 3897 predicto
589 3858 737 3889 Comitatu
751 3855 899 3895 Staffivra'ie
913 3857 995 3887 nobis
1009 3856 1171 3890 Heredibus
1185 3860 1219 3891 δε

163 3897 378 3928 Successoribus
390 3898 492 3928 nostris
507 3898 669 3928 exeuntium
686 3896 741 3926 five
755 3895 935 3932 solubilium;

202 3936 272 3977 Qque
286 3935 383 3964 omnia
395 3936 428 3965 ὃς
441 3936 547 3976 fingula
563 3935 690 3966 annuales
707 3934 847 3964 Redditus
868 3932 963 3963 Feoda
985 3933 1018 3964 &
1040 3941 1133 3964 cetera
1155 3944 1221 3974 pre-

167 3974 267 4011 mffla,
284 3983 333 4010 per
347 3973 484 4011 presentes
497 3973 679 4012 preconcessa
693 3983 742 4010 per
766 3973 927 4010 particulare
949 3971 1015 4001 inde
1035 3974 1174 4011 attingunt
1193 3975 1222 4003 in

163 4022 230 4045 toto
244 4011 433 4049 cum-reprifis
443 4012 480 4044 ad
498 4013 640 4044 Annuum
656 4011 789 4044 valorem
795 4009 983 4050 ‘septemdecim
996 4009 1069 4039 mille
1092 4013 1222 4042 ducenta-

1220 544 1334 574 minum
1349 543 1406 572 vite
1416 540 1461 572 sue
1475 540 1620 576 naturalis,
1637 538 1738 607 absque
1757 537 1909 575 Compoto
1922 540 1967 570 seu
1980 542 2075 578 aliquo
2096 542 2150 572 alio
2167 542 2264 580 proin-

1219 581 1255 611 de
1270 581 1352 610 nobis
1367 579 1526 610 Heredibus
1538 579 1570 610 ὃς
1583 577 1675 608 Succe
1700 576 1795 607 oribus
1807 575 1907 606 nostris
1925 580 2132 617 quoquomodo
2147 580 2266 611 redden-

1221 619 1260 649 do
1271 619 1316 650 seu
1330 618 1486 655 solvend03

1257 657 1293 687 Et
1310 656 1434 694 preditsta
1451 655 1582 685 Domina
1598 655 1744 684 Henriette
1766 654 1866 681 Maria
1887 655 1989 690 Regina
2015 654 2219 690 prechariffima
2235 657 2271 687 &

1220 694 1440 731 predileetiffima
1456 693 1583 724 Consors
1597 691 1706 729 nostra,
1724 690 1760 720 de
1776 699 1904 728 tempore
1920 692 1949 719 in
1963 700 2074 729 tempus
2086 693 2200 724 durante
2212 696 2270 725 vita

1220 733 1284 771 sua,
1302 734 1337 764 de
1352 733 1432 764 &ab
1452 733 1590 762 omnibus
1613 731 1646 761 &
1668 730 1778 768 singulis
1800 728 1951 766 Stipendiis
1974 729 2157 760 Peniionibus
2179 732 2273 764 Vadiis

1224 771 1327 803 Feodis
1343 769 1479 808 Regardis
1494 768 1722 800 Allocationibus
1738 767 1860 806 Reprisis
1877 767 1910 797 δε
1923 765 2071 797 Denatior'
2085 768 2201 799 summis
2212 773 2273 809 qui-

1222 810 1388 848 buscunque
1403 810 1439 840 de
1456 807 1591 846 premiffis
1603 807 1648 838 seu
1665 807 1756 845 aliqua
1767 806 1832 836 inde
1847 805 1969 835 Parcella
1984 806 2148 836 exeuntibus
2166 807 2211 837 seu
2232 809 2276 838 so‹

1223 847 1372 887 lubilibus,
1390 857 1444 878 nos
1458 846 1585 877 Heredes
1602 845 1635 876 &
1648 844 1828 876 Succeffores
1849 842 1961 874 nostros
1980 843 2145 876 exonerabit
2167 846 2281 883 acquie-

1224 888 1292 918 tabit
1306 887 1340 918 &
1353 887 1538 924 indempnem
1551 883 1748 921 conservabit3

1257 925 1296 956 Et
1313 926 1423 956 ulterius
1437 925 1472 955 de
1487 923 1612 955 uberiori
1624 923 1710 961 gratia
1724 920 1818 952 nostra
1833 919 1961 959 speciali,
1977 928 2011 949 ac
2026 929 2059 950 ex
2081 929 2158 952 certa
2180 921 2282 953 Scien-

1224 964 1260 995 tia
1278 964 1312 994 &
1328 973 1408 994 mero
1426 970 1508 993 motu
1533 961 1635 992 nostris
1649 985 1658 998 ‚
1677 960 1806 992 dedimus
1827 960 1859 990 &
1883 959 2089 998 concessuram,
2107 969 2140 990 ac
2155 969 2203 998 per
2221 970 2284 997 pre-

1222 1003 1330 1039 sentes,
1347 1011 1400 1040 pro
1416 1002 1501 1031 nobis
1514 999 1675 1033 Heredibus
1697 999 1729 1030 ὃς
1752 997 1966 1029 Succefforibus
1985 996 2103 1036 nostris,
2127 997 2225 1028 damus
2248 1001 2282 1030 δε

1223 1040 1409 1071 concedimus
1421 1040 1524 1079 prefate
1538 1041 1654 1069 Domine
1668 1040 1816 1068 Henriette
1831 1039 1924 1066 Marie
1936 1039 2045 1074 Regine,
2057 1036 2134 1075 quod
2151 1037 2284 1076 deinceps

1226 1086 1280 1108 tres
1295 1078 1330 1108 ad
1346 1080 1439 1108 minus
1461 1078 1497 1108 de
1517 1076 1647 1108 Confilio
1667 1076 1744 1107 dicte
1762 1078 1860 1112 Regine
1884 1075 1932 1113 qui
1956 1084 2008 1112 pro
2030 1082 2161 1112 tempore
2182 1076 2284 1107 fuerint

1227 1118 1369 1154 (quorum
1384 1115 1594 1147 Cancellarium
1607 1115 1690 1154 ipsius
1702 1115 1798 1151 Regino
1813 1115 1845 1146 &
1861 1113 2044 1144 Attornatum
2067 1113 2192 1151 ejusdem
2206 1117 2286 1151 Regi-

1226 1166 1258 1184 ne
1272 1154 1429 1193 generalem
1447 1164 1501 1192 pro
1514 1162 1646 1190 tempore
1668 1153 1813 1183 existentes
1835 1151 1907 1182 duos
1930 1151 1986 1181 effe
2009 1151 2161 1189 volumus)
2186 1153 2286 1183 virtute

1226 1193 1328 1223 harum
1347 1193 1506 1224 Literarum
1524 1193 1683 1223 nostrarum
1697 1191 1806 1222 Patent’
1820 1190 1941 1221 habeant
1955 1190 1987 1221 &
2004 1190 2150 1221 habebunt
2173 1191 2287 1229 plenam

1227 1233 1260 1263 &
1276 1232 1417 1269 integram
1432 1230 1608 1261 Potestatem
1625 1230 1658 1260 &
1672 1229 1882 1261 Authoritatem
1892 1251 1902 1266 ,
1919 1237 1975 1258 tam
1991 1229 2025 1258 ad
2047 1229 2217 1267 capiendum
2238 1229 2288 1260 Se-

1226 1271 1372 1302 curitatem
1387 1279 1436 1308 per
1451 1268 1676 1306 Recognitiones
1689 1267 1794 1299 fiendas
1806 1266 1882 1297 diete
1896 1269 2013 1296 Domine
2025 1269 2173 1298 Henriette
2193 1270 2288 1297 Marie

1225 1311 1328 1345 Regine
1343 1307 1482 1338 Consorti
1500 1307 1605 1337 nostrae
1613 1316 1666 1345 pro
1679 1305 1828 1337 Solutione
1843 1304 2021 1336 Reddituum
2038 1306 2060 1335 F
2062 1306 2202 1337 eodorum
2226 1307 2249 1336 F
2251 1308 2289 1337 it-

1228 1357 1344 1377 morum
1361 1347 1554 1383 Debitorum,
1572 1346 1605 1377 &
1620 1355 1672 1384 pro
1685 1344 1741 1374 aliis
1757 1345 1841 1374 caulis
1858 1344 2066 1383 emergentibus
2088 1345 2121 1375 ὃς
2144 1345 2287 1382 pertinen-

1228 1386 1303 1416 tibus
1318 1386 1393 1416 dicte
1408 1387 1523 1422 Regine,
1543 1384 1599 1415 five
1615 1384 1698 1414 alicui
1714 1381 1925 1413 Poffeffionum
1946 1382 2046 1412 decem
2069 1383 2152 1421 ipsius
2170 1386 2287 1422 Regino,

1229 1433 1314 1492 quam
1329 1425 1415 1455 etiam
1431 1423 1586 1453 reformare
1602 1423 1747 1457 corrigere
1761 1420 1947 1451 determinare
1963 1420 2121 1461 adjudicare
2137 1423 2168 1453 &
2187 1424 2287 1459 punire

1241 1462 1386 1493 ecundum
1398 1461 1494 1492 sanam
1509 1461 1657 1492 meliorem
1681 1459 1893 1490 Discretionem
1913 1468 2013 1490 omnes
2033 1459 2197 1496 hujusmodi
2221 1461 2291 1492 Pet-

1229 1501 1330 1531 sonam
1344 1501 1388 1531 vel
1406 1500 1541 1531 Personas
1556 1500 1588 1530 &
1604 1499 1662 1529 illas
1677 1497 1780 1529 Causas
1803 1496 1937 1528 Materias
1958 1497 2033 1528 Lites
2054 1500 2087 1531 &
2113 1497 2291 1530 Contentio-

1231 1549 1296 1576 ne5‚
1317 1549 1383 1577 quas
1396 1538 1557 1577 hujusmodi
1576 1537 1698 1568 Persona
1710 1536 1757 1568 vel
1778 1536 1904 1566 Persone
1926 1536 2045 1566 inferent
2066 1536 2111 1567 vel
2130 1537 2290 1578 adducent,

1231 1578 1358 1608 audiend’
1373 1579 1405 1609 &
1422 1576 1592 1608 terminand’
1607 1585 1704 1607 coram
1727 1574 1911 1606 Cancellario
1933 1573 2087 1605 Attornato
2101 1576 2133 1605 δε
2160 1575 2291 1607 Consilio

1232 1616 1364 1654 predictis
1385 1624 1532 1654 tangentes
1552 1614 1802 1653 aliquaDominia
1821 1612 1908 1643 Parca
1933 1612 2037 1644 Terras
2058 1613 2292 1648 Hereditamenta

1233 1654 1375 1685 Redditus
1392 1653 1490 1684 Feoda
1503 1653 1600 1684 Firma
1616 1653 1768 1690 Decimas,
1786 1651 1831 1682 vel
1852 1651 1941 1690 aliqua
1963 1652 2012 1682 alia
2034 1651 2146 1683 Pallatia
2170 1653 2293 1686 Castella

1234 1693 1371 1723 Honores
1386 1691 1540 1722 Dominias
1557 1691 1684 1722 Maneria
1696 1690 1930 1721 Hereditamenta
1945 1689 2125 1723 Redditus&
2141 1692 2294 1723 Posseffio-

1234 1741 1282 1761 nes
1297 1731 1372 1762 dieite
1385 1732 1502 1761 Domine
1519 1732 1666 1760 Henriette
1684 1731 1779 1758 Mario
1794 1731 1908 1766 Regine,
1925 1729 1973 1759 vel
1995 1729 2113 1767 aliquam
2137 1731 2202 1762 inde
2223 1731 2292 1762 Par-

1233 1770 1333 1801 cellam
1349 1768 1538 1806 imposterum
1555 1777 1603 1805 per
1619 1777 1670 1798 nos
1681 1767 1774 1797 eidem
1790 1767 1868 1797 dicre
1885 1770 1999 1797 Domine
2016 1770 2114 1804 Regiue
2128 1770 2294 1800 conceden-

1235 1809 1282 1839 das
1294 1808 1339 1839 vel
1359 1817 1408 1845 per
1427 1807 1536 1838 dietam
1551 1809 1699 1836 Dominam
1719 1807 1850 1842 Reginam
1864 1805 1959 1843 aliquo
1974 1807 2063 1836 modo
2080 1808 2296 1848 perquirendas;

1272 1847 1423 1884 Quodque
1433 1845 1468 1876 ad
1483 1846 1646 1885 proximum
1658 1844 1883 1875 Parliamentum
1904 1843 1976 1874 infra
1999 1844 2056 1875 hoc
2082 1845 2218 1885 Regnum
2239 1857 2295 1877 no-

1236 1886 1326 1917 strum
1341 1883 1447 1923 Anglie
1458 1884 1627 1923 tenendum,
1640 1883 1696 1915 hec
1708 1883 1818 1920 presens
1832 1881 1986 1913 Indentura
1999 1883 2032 1914 δε
2046 1883 2136 1914 Status
2150 1884 2181 1914 ὃς
2196 1894 2299 1916 omnes

1236 1926 1289 1956 alie
1300 1924 1439 1962 JunChare
1451 1924 1484 1955 &
1500 1922 1593 1953 Status
1609 1923 1685 1953 dicke
1697 1924 1813 1952 Domine
1828 1923 1975 1951 Henriette
1993 1923 2087 1951 Marte
2104 1924 2204 1960 Regine
2213 1922 2299 1954 Con-

1237 1965 1315 1994 sortis
1328 1962 1422 1993 nostre
1436 1960 1662 2000 precharisfirne‚
1680 1961 1715 1992 de
1729 1962 1762 1993 &
1776 1962 1804 1990 in
1820 1961 1957 1991 omnibus
1973 1960 2007 1991 &
2024 1960 2135 1999 fingulis
2160 1961 2299 1999 premiffis

1238 2012 1308 2033 cum
1322 2002 1496 2040 pertinentiis
1510 2010 1558 2039 per
1582 2000 1718 2038 presentes
1742 1998 1944 2040 preconceffis,
1969 2006 2015 2028 aut
2038 2009 2086 2039 per
2110 2000 2173 2030 alias
2193 2000 2302 2033 Literas

1238 2041 1347 2072 nostras
1362 2040 1490 2071 Parentes
1505 2038 1698 2070 concedendis
1711 2060 1720 2075 ‚
1740 2048 1773 2068 ac
1787 2047 1888 2069 omnes
1901 2038 1964 2067 alias
1985 2036 2140 2069 Potestates
2163 2040 2302 2071 Authori-

1238 2088 1306 2112 tates
1329 2080 1362 2111 ὃς
1386 2078 1538 2109 Libertates
1562 2079 1595 2109 &
1617 2076 1766 2115 Privilegia
1791 2078 1820 2107 in
1842 2076 2013 2114 presentibus
2035 2078 2237 2116 preconoeffi,
2255 2078 2303 2111 seu

1239 2120 1413 2150 mentionata
1425 2117 1489 2147 fore
1501 2117 1563 2148 data
1575 2116 1620 2147 vel
1633 2115 1783 2154 concessa,
1801 2115 1833 2146 in
1846 2115 1982 2145 omnibus
1997 2114 2116 2147 stabilita
2129 2118 2304 2152 corroborat

1238 2167 1266 2190 ta
1280 2159 1313 2190 ὃ(
1329 2156 1494 2187 confirmata
1507 2155 1619 2193 forent3

1277 2196 1315 2228 Et
1331 2195 1445 2226 ulterius
1458 2194 1494 2224 de
1510 2193 1641 2232 ampliori
1654 2193 1741 2232 gratia
1755 2192 1848 2224 nostra
1866 2193 1977 2231 speciali
1992 2203 2027 2224 ac
2040 2202 2074 2223 ex
2098 2201 2174 2224 certa
2199 2193 2301 2225 Scien-

1240 2236 1278 2266 tia
1292 2236 1325 2267 &
1344 2244 1425 2264 mero
1442 2232 1529 2263 Motu
1541 2232 1662 2270 nostris,
1681 2232 1818 2262 volumus
1830 2255 1839 2270 ‚
1865 2241 1899 2262 ac
1916 2241 1966 2270 per
1986 2231 2123 2270 presentes
2144 2242 2197 2269 pro
2218 2234 2304 2264 nobis

1242 2274 1403 2306 Heredibus
1416 2273 1449 2303 &
1471 2271 1684 2301 Successoribus
1708 2270 1825 2308 nostris,
1848 2270 2036 2301 concedimus
2056 2270 2161 2309 prefate
2185 2274 2305 2303 Domine

1242 2315 1388 2343 Hemiette
1412 2313 1506 2340 Marie
1527 2312 1625 2346 Regine
1647 2308 1785 2340 Consorti
1808 2309 1901 2339 nostre
1923 2309 2147 2347 precharssfime,
2166 2311 2245 2349 quod
2264 2311 2304 2342 he

1244 2352 1337 2383 Litere
1353 2348 1449 2380 nostre
1464 2348 1594 2379 Parentes
1613 2348 1655 2378 vel
1672 2346 1922 2378 irrotulamentum
1931 2347 2081 2378 earundem
2097 2357 2180 2379 erunt
2189 2349 2220 2379 in
2235 2359 2305 2380 orn-

1243 2392 1326 2422 nibus
1339 2390 1373 2420 &
1384 2398 1431 2427 per
1447 2389 1545 2418 omnia
1562 2386 1641 2416 firme
1654 2385 1743 2417 valide
1758 2386 1835 2416 bone
1848 2386 2017 2417 {ufficientes
2038 2388 2071 2418 ὃ(
2089 2387 2253 2419 effectuales
2270 2390 2303 2419 in

1245 2430 1324 2469 Lege
1341 2437 1404 2466 erga
1419 2427 1451 2458 &
1468 2434 1566 2456 contra
1583 2435 1637 2456 nos
1653 2424 1781 2455 Heredes
1798 2426 1830 2456 ὃς
1847 2424 2027 2455 successores
2048 2425 2177 2464 nostros,
2195 2435 2255 2457 tam
2272 2429 2305 2459 in

1243 2467 1380 2499 omnibus
1390 2465 1485 2496 Curiis
1498 2464 1599 2494 nostris
1616 2473 1701 2502 quam
1716 2463 1783 2494 alibi
1797 2463 1868 2493 infra
1884 2463 2023 2504 Regnum
2040 2463 2171 2495 nostrum
2188 2464 2306 2505 Anglie,

1244 2508 1347 2546 absque
1360 2505 1496 2542 aliquibus
1506 2502 1785 2533 confirmationibus
1803 2502 1938 2532 Licentiis
1951 2503 1995 2532 vel
2010 2503 2253 2543 Tolerationibus‚
2269 2504 2306 2536 de

1246 2547 1328 2576 nobis
1344 2543 1505 2574 Heredibus
1523 2542 1567 2574 vel
1581 2541 1793 2571 Succefforibus
1806 2540 1907 2570 nostris
1920 2541 2134 2579 quoquomodo
2150 2542 2305 2580 impetran-

1245 2584 1288 2615 dis
1301 2586 1348 2615 1eu
1365 2580 1582 2620 prosequendi53
1601 2590 1659 2610 non
1675 2578 1806 2610 obstante
1822 2579 1893 2609 male
1907 2579 2086 2610 nominando
2101 2580 2223 2617 predicta
2238 2581 2304 2611 Do-

1246 2624 1332 2654 minia
1348 2620 1479 2651 Maneria
1497 2617 1672 2649 Monasteria
1688 2618 1828 2649 Prioratus
1845 2617 2003 2655 Hospitales
2024 2617 2212 2658 Preceptorias
2225 2619 2306 2651 Can-

1245 2662 1326 2694 tarias
1340 2658 1492 2691 Reemrias
1506 2657 1644 2688 Ecclefias
1658 2656 1787 2694 Capellas
1795 2655 1932 2686 Civitates
1941 2655 2107 2687 Comitatus
2118 2657 2203 2688 Villas
2210 2658 2307 2690 Ham-

1246 2702 1325 2732 lettas
1346 2698 1497 2730 Parochias
1521 2696 1677 2727 Libertates
1698 2695 1864 2726 Prectnctus
1885 2695 1966 2726 Loca
1990 2695 2093 2727 Terras
2121 2696 2305 2729 Tenementa

1246 2739 1387 2770 Decimas
1401 2736 1550 2768 Portiones
1567 2734 1754 2765 Decimarum
1768 2733 1814 2765 vel
1830 2733 1887 2764 Res
1905 2734 2008 2771 aliquas
2031 2735 2207 2774 quascunque
2230 2736 2304 2769 unde

1246 2777 1373 2819 predicta
1385 2773 1530 2806 Annuales
1543 2772 1681 2804 Redditus
1697 2772 1792 2803 Feoda
1809 2772 1904 2803 Firma
1927 2772 2054 2804 Decime
2078 2774 2110 2804 &
2132 2782 2223 2805 cetera
2238 2784 2304 2812 pre-

1248 2815 1331 2847 miffa
1345 2824 1393 2854 per
1409 2813 1549 2854 presentes
1562 2813 1787 2849 prementionata
1809 2811 1871 2841 fore
1890 2811 2025 2842 concessa
2045 2811 2178 2843 reservata
2200 2821 2305 2843 exeun-

1248 2857 1286 2886 tia
1301 2856 1345 2886 seu
1360 2852 1484 2884 solubilia
1501 2850 1639 2882 existunt:
1657 2850 1696 2881 Et
1708 2860 1767 2880 non
1783 2849 1914 2880 obstante
1937 2859 1995 2880 non
2020 2851 2165 2881 recitando
2185 2851 2306 2890 aliquam

1247 2892 1454 2926 Dimiffionem
1470 2890 1525 2921 five
1539 2888 1765 2920 Conceffionem
1781 2889 1847 2918 inde
1862 2895 1909 2919 aut
1922 2887 1957 2918 de
1970 2898 2073 2919 eorum
2098 2889 2236 2928 aliquibus
2256 2890 2304 2921 seu

1247 2933 1361 2971 aliquo,
1382 2929 1426 2961 vel
1444 2928 1480 2959 de
1493 2928 1584 2966 aliqua
1597 2928 1663 2958 inde
1677 2927 1801 2958 Parceua
1815 2927 1917 2958 &Clam
1932 2926 2099 2958 existentem
2112 2927 2147 2959 de
2164 2927 2305 2959 Recordo

1248 2972 1294 3003 vel
1308 2980 1368 3002 non
1382 2969 1417 2999 de
1433 2967 1588 3006 Recorde,
1607 2967 1641 2997 &
1653 2975 1712 2995 non
1727 2965 1857 2997 obstante
1870 2966 2006 3003 aliquibus
2019 2965 2137 2997 defeetis
2149 2966 2186 2996 de
2209 2966 2306 2998 Certi-

1248 3009 1347 3041 tudine
1359 3007 1404 3038 vel
1420 3006 1646 3044 Computatione
1657 3013 1703 3035 aut
1718 3003 1920 3035 Declaratione
1934 3005 1990 3035 veri
2005 3004 2102 3036 Annui
2114 3005 2224 3035 Valoris
2237 3005 2306 3035 Pre-

1249 3048 1401 3079 missorum
1418 3054 1464 3076 aut
1479 3045 1639 3082 aliquorum
1657 3052 1774 3080 eorum,
1792 3052 1839 3074 aut
1853 3043 1968 3081 alicujus
1982 3042 2048 3073 inde
2065 3044 2201 3082 Parcesse,
2217 3045 2246 3073 in
2260 3044 2303 3074 his

1250 3087 1352 3118 Literis
1365 3083 1467 3115 nostris
1483 3083 1646 3114 Patenthus
1661 3081 1826 3119 exprefforis
1840 3083 1873 3114 &
1891 3082 2080 3120 contentoris;
2105 3082 2144 3114 Et
2167 3092 2227 3113 non
2247 3082 2301 3111 ob-

1250 3125 1340 3156 stante
1355 3124 1468 3154 Statuto
1482 3123 1511 3151 in
1528 3120 1719 3151 Parliamento
1732 3123 1844 3150 Domini
1864 3122 1979 3150 Henriti
1999 3130 2081 3160 nuper
2102 3123 2179 3158 Regis
2200 3119 2303 3157 Anglie

1241 3164 1321 3203 sexti
1338 3161 1529 3194 Antecefforis
1547 3158 1634 3189 nostri
1650 3159 1739 3190 Anno
1755 3158 1851 3198 Regni
1875 3159 1914 3189 sui
1935 3158 2032 3189 decimo
2055 3161 2152 3189 oelavo
2164 3159 2243 3197 facio
2263 3154 2303 3191 ὠ·

1248 3203 1337 3241 edito3
1357 3201 1393 3231 Et
1407 3210 1468 3230 non
1483 3197 1662 3229 obstantibus
1677 3197 1817 3235 aliquibus
1840 3197 1899 3228 aliis
1919 3197 2078 3229 defefflbus
2098 3198 2127 3227 in
2149 3205 2207 3226 non
2226 3196 2303 3226 redte

1249 3238 1427 3273 nominando
1442 3237 1586 3268 Naturam
1601 3236 1716 3267 Genera
1738 3235 1852 3275 Species
1873 3236 2051 3275 Qantitates
2075 3243 2120 3267 aut
2145 3234 2306 3273 Qalitates

1247 3278 1448 3320 premissorum
1465 3285 1513 3308 aut
1525 3276 1642 3314 alicujus
1656 3274 1722 3305 inde
1736 3273 1876 3314 Parcelle3

1286 3319 1326 3350 Et
1342 3317 1457 3348 ulterius
1470 3316 1506 3345 de
1520 3315 1644 3345 uberiori
1661 3313 1761 3345 Gratia
1776 3312 1872 3345 nostra
1884 3313 2001 3351 speciali,
2018 3321 2051 3342 ac
2067 3319 2101 3341 ex
2114 3318 2190 3342 certa
2203 3311 2305 3343 Scienss

1248 3360 1287 3391 tia
1304 3358 1336 3388 &
1352 3365 1433 3386 mero
1449 3353 1539 3384 Motu
1552 3352 1673 3390 nostris,
1692 3361 1746 3390 pro
1762 3352 1847 3382 nobis
1863 3352 2020 3383 Heredibus
2038 3351 2071 3380 ὃς
2089 3351 2107 3366 ⁴¹
2127 3350 2305 3382 Successori·
2320 3365 2453 3402 *xvnn

2317 3413 2382 3440 7¹4·

1251 3399 1302 3428 bus
1316 3394 1417 3426 nostris
1434 3391 1620 3424 concedimus
1639 3391 1745 3429 prefate
1768 3390 1900 3421 Domine
1919 3392 2064 3419 Henriette
2090 3389 2183 3421 Mario
2201 3393 2302 3427 Regine

1270 3432 1459 3466 rechariffime
1474 3429 1608 3461 Consorti
1623 3430 1736 3467 nostre,
1755 3429 1832 3467 quod
1847 3430 1865 3458 fi
1882 3427 2005 3467 predicta
2019 3426 2143 3457 annualia
2160 3427 2302 3458 Redditus

1276 3473 1347 3505 coda
1370 3470 1456 3502 Firm'
1480 3469 1606 3501 Decime
1627 3469 1660 3499 ὃς
1684 3476 1775 3499 cetera
1806 3467 1939 3498 Premiffa
1954 3474 2002 3502 per
2023 3463 2167 3495 Presentes
2185 3466 2306 3503 superius

1253 3513 1427 3544 mentionata
1443 3510 1504 3540 fore
1519 3507 1653 3539 concessa
1676 3506 1754 3538 dicte
1772 3505 1902 3536 Domine
1924 3506 2076 3547 Honriettq
2089 3506 2183 3533 Marie
2206 3508 2305 3542 Regino

1252 3548 1465 3590 prechariffime
1477 3546 1613 3577 Consorti
1629 3545 1743 3583 nostre,
1762 3554 1808 3575 aut
1820 3552 1919 3575 eorum
1934 3542 2040 3579 aliqua,
2059 3544 2114 3573 five
2133 3542 2221 3580 aliqua
2235 3543 2304 3574 Par-

1253 3590 1323 3622 cella
1335 3597 1454 3624 eorum,
1472 3585 1517 3616 seu
1537 3594 1639 3615 eorum
1660 3584 1773 3623 aliquis,
1796 3582 1830 3612 ad
1852 3582 1967 3618 aliquod
1987 3588 2097 3617 tempus
2118 3581 2306 3617 imposterum

1252 3630 1367 3659 durante
1390 3625 1455 3656 Vita
1471 3624 1546 3654 diere
1564 3622 1697 3654 Domine
1715 3624 1860 3652 Henriette
1876 3622 1969 3648 Mar-ie
1984 3621 2080 3660 Regjne
2096 3619 2308 3655 prechariffime

1253 3666 1402 3698 Consortis
1417 3662 1510 3694 nostre
1528 3663 1654 3699 legitime
1671 3661 1761 3690 evicta
1782 3659 1825 3688 seu
1843 3666 2001 3694 recuperata
2025 3658 2130 3687 tuerint
2147 3667 2222 3689 extra
2237 3659 2305 3690 Ma-

1245 3715 1315 3741 Vnus,
1325 3705 1382 3737 five
1399 3700 1604 3733 Poffeffionem
1622 3698 1698 3730 diffie
1717 3697 1844 3728 Domine
1865 3698 2007 3727 Henriette
2020 3697 2114 3724 Marie
2133 3699 2233 3734 Regina
2245 3707 2308 3733 pre-

1254 3742 1415 3776 charissime
1431 3740 1577 3771 Consortis
1596 3738 1690 3768 nostre
1708 3737 1814 3766 ratione
1829 3734 2052 3771 Imperfectionis
2070 3734 2124 3764 five
2134 3734 2311 3767 insufficien-

1255 3785 1294 3815 tie
1318 3781 1486 3820 prcientium
1509 3778 1664 3809 Literarum
1691 3774 1851 3805 nostrarum
1875 3772 2053 3816 Parentium?
2071 3773 2116 3804 vel
2143 3774 2237 3813 aliter,
2256 3784 2311 3806 nos

1256 3820 1385 3853 Heredes
1401 3820 1434 3850 &
1459 3817 1637 3848 Succeffores
1660 3813 1746 3843 nostri
1771 3813 1880 3849 plenam
1906 3812 1938 3841 δε
1964 3810 2150 3842 sufficientem
2177 3813 2312 3844 Recom.

1255 3859 1448 3900 pensationem
1467 3856 1585 3893 proinde
1602 3853 1677 3883 diere
1702 3851 1833 3881 Domine
1861 3851 1953 3879 Mario
1981 3851 2080 3886 Regino
2104 3851 2309 3887 precharjffime

1257 3896 1393 3929 Consorti
1408 3894 1503 3924 nostre
1520 3892 1675 3924 secundum
1694 3890 1809 3926 plenum
1829 3886 1964 3918 Valorem
1985 3887 2125 3919 Redditus
2147 3889 2236 3921 Feodi
2249 3891 2309 3920 Fir-

1259 3938 1301 3967 mi
1319 3935 1375 3965 five
1395 3932 1583 3963 Decimarurn
1603 3930 1640 3959 fic
1665 3928 1827 3958 eviCtorum
1853 3927 1908 3956 five
1934 3935 2162 3969 recuperatorum
2188 3939 2235 3966 per
2252 3929 2315 3959 alias

1262 3975 1369 4005 Literas
1388 3971 1517 4001 Patentes
1534 3966 1744 4000 concedemus;
1768 3967 1800 3996 ὅ(
1816 3965 1940 4009 ¹ulterius
1965 3967 1984 3995 fi
2017 3967 2170 4005 contigerit
2194 3968 2317 4004 aliquam

1259 4012 1378 4044 Partem
1393 4008 1600 4040 Premissorum
1610 4028 1620 4043 ,
1637 4005 1712 4039 unde
1728 4002 1869 4036 Redditus
1883 4002 2016 4034 Feodum
2041 4003 2131 4035 Firm’
2156 4005 2204 4036 vel
2230 4005 2321 4035 Deci-

1844 4041 1915 4085 ,ΗΞ
2278 4051 2326 4073 me
