2536 4255
692 232 803 274 ET
887 230 1158 277 ACTA
1242 230 1727 282 P'UBLICA.

0 326 57 358 lun.
70 323 110 354 D.
126 323 280 355 Librorum
298 322 432 354 Nomina
445 322 479 353 &
499 319 598 359 prefixi
611 319 708 351 Tituli
721 318 920 356 insequuntur,
938 317 1089 356 videlicet,

2225 264 2301 304 231

1229 316 1277 346 has
1306 317 1416 349 Literas
1440 321 1547 353 nostras
1575 324 1705 356 Patentas
1719 350 1729 365 ‚
1755 337 1801 359 aut
1827 339 1925 361 contra
1944 331 2095 363 clausulam
2118 333 2240 372 aliquam
2259 336 2289 364 in
2311 331 2388 364 Ann.
2404 335 2446 368 D.

2 364 85 404 1632.
161 363 240 400 ani
254 361 410 401 Jiaevenalis
424 360 462 397 ὠ·
479 359 553 390 Auli
570 357 755 402 Peifiiflacci
767 360 881 396 Satyre,
899 356 1190 400 cum-Annotationi-
1227 354 1333 386 eisdem
1356 365 1522 401 contentam
1548 361 1639 393 facere
1659 373 1706 395 aut
1735 375 1870 398 attentare
1896 371 2031 408 quicquid
2050 372 2188 410 presumat
2237 374 2287 404 sub
2337 373 2424 404 16³1,

0 409 30 433 ιιι.
49 404 75 431 8.
124 400 178 431 bus
199 401 233 431 ad
258 401 424 441 Marginem
441 424 450 436 ‚
478 408 534 437 que
553 396 746 427 obscurlffima
765 404 878 434 queque
890 395 1049 426 delucidare
1065 394 1188 435 poffint,
1227 403 1317 431 poena
1342 394 1530 429 Forisfaeture
1559 400 1712 432 Librorum
1740 414 1838 435 contra
1864 416 1992 438 tenorem
2019 410 2188 446 presentium
2203 396 2288 442 'infra
2310 395 2422 441 Aen-³8.

0 449 39 471 ar.
59 451 80 469 i.
119 439 219 478 Opera
232 441 265 471 &
282 440 385 471 Studio
398 438 495 467 Thome
509 434 646 468 Farnaby.
1228 431 1332 472 Regna
1351 433 1442 464 nostra
1461 436 1565 472 Anglie
1585 440 1629 469 vel
1648 441 1782 471 Hibernie
1797 446 1995 482 immet-sorum
2014 449 2059 478 vel
2076 451 2105 478 in
2123 460 2224 480 eorum
2247 450 2287 480 αἱ,
2310 452 2373 477 CM-
2395 460 2422 479 x·

0 991 97 1039 leX.

0 1041 34 1068 ¹7·

157 478 229 509 Item
244 481 281 508 L.
301 479 339 514 ό·
357 480 400 507 Μ.
422 477 531 506 Annaei
548 478 642 504 senece
657 471 797 511 Tragedie
814 495 824 509 ‚
848 472 913 509 post
931 482 1034 503 omnes
1053 473 1186 502 omnium

116 516 263 549 Editiones
287 514 532 552 Recenfionesque
560 512 656 550 edite,
681 512 715 542 &
736 511 830 542 Notis
852 511 949 541 Thome
968 512 1097 549 Farnaby
1124 511 1187 542 illu—

116 556 208 587 strate.

152 595 228 626 Item
251 596 296 623 M.
315 591 403 623 Valer.
422 588 569 620 Martialis
593 592 820 628 Epigrammaton
844 587 952 627 Libri,
976 588 1184 627 animadversi,

116 633 257 665 emendati
278 633 312 663 δε
331 629 584 660 Commentariolis
602 628 763 659 luculenter
787 627 934 665 explicati,
955 627 1053 667 Opera
1068 629 1101 659 &
1118 628 1184 658 Stu-

119 673 171 703 dio
184 671 284 701 Thome
298 669 427 705 Farnahy
442 668 582 698 illustrate.

153 711 245 747 Item,
268 711 314 737 M.
332 710 440 737 Annaez·
462 709 570 736 Lucani
587 704 738 744 Pharfizlia
757 705 814 735 five
830 704 866 734 de
880 703 961 735 Bello
976 703 1065 734 Civili
1078 703 1184 743 Cefiiris

115 748 156 784 ὠ»
178 749 294 785 Pompeii
314 746 396 776 Libri
420 745 553 783 Decem,
579 744 696 782 adjeceris
715 743 751 774 ad
778 743 949 780 Marginem
973 742 1065 773 Notis
1087 743 1183 773 Thome

113 785 243 824 Farnaby
253 809 262 822 ,
283 795 340 823 que
353 785 416 815 loca
434 783 612 814 Obscuriora
626 782 771 813 illustrent.

151 826 224 855 ltem
241 846 251 861 ‚
277 825 306 848 Ἠ
333 825 373 854 τῆς
393 823 549 854 Ἀνθολονίας
568 820 704 853 ἂνθολσνίω
717 843 727 858 ,
756 820 925 859 Florilegium
958 822 1185 858 Epigrammaton

115 867 260 894 Grecorum
270 884 280 900 ,
298 871 458 899 eorumque
477 861 581 891 Latino
600 858 649 890 usu
670 868 687 889 a
701 860 783 891 variis
796 860 942 892 editorum
957 869 972 889 a
986 859 1099 890 Thomas
1113 863 1186 889 Far-

114 903 185 937 nabr
201 901 328 932 colleffls
344 900 465 931 editum.

151 940 246 978 Item,
271 939 360 969 Index
386 941 524 968 Retoricus
544 935 646 966 scholis
669 933 709 970 ῤ’
729 935 904 976 Institutioni
925 938 1066 966 tenerioris
1086 938 1186 966 Etatix

115 978 343 1016 accommodatus,
361 978 381 997 ³*
397 978 444 1007 cui
456 976 622 1014 adjiciuntur
634 975 769 1006 Formulae
782 978 940 1014 Oratoriae,
957 974 1055 1013 Opera
1069 976 1104 1007 &
1117 975 1185 1006 Stu-

112 1020 163 1051 dio
179 1017 274 1048 Thome
289 1016 425 1055 Farnaby.

148 1057 222 1088 Item
233 1080 243 1095 ,
260 1054 377 1094 Phrafis
393 1053 585 1092 Elegantiores
600 1056 739 1084 oratoriae
753 1054 787 1085 δε
801 1054 933 1091 Pomm,
957 1063 976 1081 a
992 1050 1095 1082 Thoma
1114 1054 1186 1081 Far-

155 1097 172 1126 b
203 1095 331 1127 collecte.

115 1107 285 1172 magumque
305 1132 400 1162 dietus
414 1130 528 1161 Thomas
551 1130 678 1166 Farnaby
694 1130 791 1170 Typis
810 1128 994 1168 impressurus
1022 1128 1057 1158 fit
1067 1137 1114 1159 aut
1129 1129 1185 1158 irn-

113 1176 198 1213 primi
213 1172 339 1203 faeturus
353 1172 387 1203 δε
401 1171 432 1200 in
445 1170 594 1207 publicum
609 1170 736 1200 editurus
749 1192 759 1207 ,
784 1169 852 1200 alios
865 1169 975 1205 aliquot
992 1167 1115 1203 Libros,
1133 1177 1185 1198 an-

114 1213 198 1244 tehac
214 1221 276 1242 non
290 1210 380 1241 editos
391 1208 437 1239 sed
456 1209 514 1246 ejus
528 1208 629 1246 Opera
643 1208 728 1239 etiam
743 1209 777 1239 &
794 1207 897 1238 Studio
911 1214 1086 1250 preparaws,
1096 1206 1183 1243 Qio—

114 1261 180 1283 rum
200 1251 355 1281 Librorum
370 1248 490 1278 nomina
504 1248 537 1278 &
554 1246 653 1283 prefixi
668 1246 761 1277 Tituli
772 1246 972 1288 insequuntur,
989 1244 1141 1288 videlicet,

154 1288 245 1319 Publii
272 1286 376 1325 Virgilii
395 1288 524 1316 Maronis
540 1285 638 1323 Opera
659 1284 750 1315 Notis
770 1283 1008 1321 admarginalibus
1022 1282 1153 1314 illustrata
1167 1293 1183 1314 a

117 1328 222 1359 Thoma
237 1326 385 1357 Farnabio.
1040 1360 1046 1365 ,
1152 1360 1168 1366 η

151 1367 247 1402 ltem,
265 1369 297 1396 T.
317 1366 440 1395 Petronii
455 1362 570 1392 Arbitri
582 1364 720 1391 Satiricon
735 1383 745 1398 ,
771 1359 835 1397 post
849 1369 951 1390 omnes
965 1369 1099 1390 omnium
1115 1358 1184 1390 Em-

114 1407 206 1436 tiones
229 1402 477 1440 Recensionesque
500 1411 515 1432 a
536 1399 638 1430 Thoma
659 1398 811 1437 Farnabio,
830 1399 923 1431 Notis
938 1399 972 1429 &
989 1397 1183 1430 Commenta-

112 1443 421 1519 rllsltleliiliffrffilssffihtelis
439 1476 540 1506 Ethica
555 1475 743 1507 Orationibus
757 1474 873 1506 discussa
889 1474 1066 1507 &declarata
1080 1475 1183 1508 Studio

116 1522 151 1554 δε
160 1519 261 1558 Opera
274 1518 372 1549 Thome
387 1515 528 1553 Farnaby.

151 1559 250 1590 Sciatis
262 1559 368 1595 igitur,
386 1553 465 1593 quod
481 1554 550 1584 Nos
565 1562 600 1585 ex
614 1553 725 1591 speciali
743 1551 845 1583 Gratia
861 1550 973 1591 nostra,
990 1561 1065 1586 cei-ta
1082 1554 1182 1585 Scien-

112 1599 150 1629 tia
161 1599 195 1630 ὃς
209 1605 292 1627 mero
309 1594 401 1626 Motu
419 1592 541 1630 nostris,
567 1602 620 1630 pro
633 1591 749 1628 Nobis,
775 1590 938 1621 Heredibus
953 1592 986 1622 &
1003 1593 1182 1625 Successori-

112 1638 165 1667 bus
184 1634 303 1672 nostris,
322 1632 484 1670 Dedimus,
502 1630 696 1662 conceffimus
716 1630 750 1661 &
770 1629 1005 1662 confirmavimus
1022 1633 1055 1663 ὃς
1072 1643 1120 1670 per
1133 1632 1183 1662 has

113 1676 219 1706 Literas
241 1673 347 1704 nostras
369 1671 499 1702 patentes
514 1692 524 1708 ,
551 1669 684 1708 Damus,
709 1668 896 1700 concedimus
918 1671 952 1701 ὃς
976 1670 1184 1701 confirmamus

111 1714 196 1745 dieto
208 1711 305 1743 Thome
322 1710 466 1748 Farnaby,
486 1709 520 1739 &
536 1708 687 1747 Affignatis
702 1707 775 1745 suis,
791 1707 902 1744 plenam
917 1709 950 1738 &
963 1708 1050 1740 solam
1067 1710 1184 1741 Autho-

111 1754 220 1784 ritatem
234 1752 267 1783 &
287 1750 463 1787 Licentiam‚
481 1756 542 1778 tam
557 1746 701 1785 predictos
719 1746 822 1776 Libros
836 1745 890 1784 sic,
904 1755 935 1778 ut
949 1748 1183 1787 prefertur,olim

113 1790 261 1829 impreffos
274 1791 308 1821 &
325 1788 417 1819 editos
430 1811 440 1825 ,
467 1795 552 1824 quam
566 1786 665 1816 denuo
678 1787 712 1817 &
729 1784 917 1823 imposterum
929 1786 1054 1817 edendos
1069 1789 1102 1818 &
1120 1788 1178 1817 im-

111 1829 280 1869 primendos
296 1829 330 1859 &
342 1836 443 1858 eorum
463 1824 605 1863 quossibet
619 1847 629 1862 ,
655 1824 688 1855 &
701 1833 802 1854 eorum
817 1824 1011 1861 quorumlibet
1026 1825 1116 1856 Exem
1139 1825 1178 1856 la-

109 1870 150 1900 ria
166 1868 262 1909 Typis
276 1864 460 1904 imprimendi
473 1864 518 1895 leu
533 1864 656 1902 imprimi
671 1862 809 1899 faciendi,
827 1861 992 1895 habendum
1003 1865 1037 1896 &
1051 1869 1105 1904 gau
1126 1874 1179 1894 en-

110 1909 182 1938 dum
207 1906 313 1937 dietam
335 1904 448 1942 plenam
470 1912 503 1933 ac
523 1902 610 1933 solam
632 1901 842 1932 Authoritatem
862 1902 897 1933 &
920 1902 1082 1934 Licentiam
1097 1903 1180 1934 dicito

109 1946 208 1976 Thome
229 1945 359 1983 Farnaby
384 1943 417 1974 ὃς
445 1941 596 1980 Affignatis
611 1941 663 1971 suis
677 1950 731 1978 pro
744 1941 778 1971 δε
793 1941 911 1972 durante
924 1943 1049 1972 termino
1065 1941 1179 1982 Viginti

112 1987 147 2017 &
171 1985 251 2015 unius
273 1982 426 2012 Annorum
440 1991 454 2011 a
473 1980 557 2010 Festo
571 1978 776 2020 Purificationis
788 1979 865 2010 beate
880 1983 974 2010 Marie
993 1982 1110 2017 Virginis
1121 1982 1182 2019 jam

111 2024 217 2091 ultiigo
239 2021 331 2060 elapso
354 2021 388 2053 &
409 2028 444 2051 ex
465 2027 534 2050 tunc
548 2019 678 2058 proxime
690 2018 825 2057 sequente
839 2017 1030 2050 finiendorum
1046 2020 1080 2050 &
1096 2029 1183 2051 com-

155 2071 173 2092 n
194 2069 291 2091 orum.

109 2063 184 2131 pleEt
202 2099 238 2131 de
256 2098 381 2129 uberiori
399 2098 482 2129 etiam
504 2096 590 2136 gratia
607 2096 702 2129 nostra
712 2120 721 2134 ,
738 2103 822 2141 atque
837 2097 911 2128 utin
928 2105 987 2128 tam
1001 2096 1105 2128 eximia
1121 2098 1180 2135 eJus

108 2139 211 2171 Studio
225 2137 400 2174 faveremus,
425 2135 576 2167 reddamus
591 2135 829 2174 manifestiorem,
848 2145 901 2174 pro
917 2135 1035 2176 Nobis,
1053 2135 1179 2167 Heredi*

110 2179 165 2210 bus
180 2178 214 2208 &
227 2175 443 2207 Succefforibus
457 2174 560 2205 nostris
573 2173 691 2205 firmiter
706 2175 883 2214 injungendo
901 2174 1067 2206 mandamus
1081 2175 1179 2205 omni-

110 2217 165 2247 bus
179 2217 213 2247 &
227 2215 338 2254 singulis
350 2214 474 2253 personis
489 2213 686 2252 cujuscunque
699 2213 804 2244 fuerint
819 2215 927 2252 generis
943 2214 988 2245 seu
1004 2213 1181 2245 conditionis*

110 2255 291 2292 inhibemus,·
311 2263 348 2284 ne
366 2254 429 2292 quis
448 2262 499 2291 per
514 2253 628 2284 ditium
644 2253 801 2283 terminum
815 2253 972 2290 Viginti&
987 2253 1070 2284 unius
1085 2261 1177 2283 anno-

110 2304 178 2325 rum
191 2294 284 2324 dic'tos
298 2293 422 2331 Libros,
441 2300 490 2323 aut
502 2291 541 2323 fic
551 2316 560 2329 ,
578 2300 611 2323 ut
625 2291 797 2330 preferemr,
816 2292 888 2323 olim
904 2291 1054 2330 impressos
1068 2293 1102 2323 &
1117 2291 1178 2323 edi-

110 2340 156 2363 tos
174 2355 184 2371 ‚
207 2332 253 2364 seu
281 2332 376 2363 denuo
403 2338 450 2362 aut
474 2330 662 2369 imposterum
687 2329 812 2361 edendos
828 2332 862 2362 &
881 2330 1086 2369 imprimendos
1101 2353 1111 2369 ‚
1131 2330 1178 2361 seu

111 2381 214 2402 eorum
241 2370 350 2408 aliquos
376 2370 421 2401 seu
447 2369 590 2407 aliquem,
614 2377 662 2400 aut
687 2378 790 2400 eorum
811 2369 973 2408 aliquorum
1004 2369 1183 2407 Exemplaria

110 2410 156 2441 seu
182 2410 254 2440 dicti
281 2409 379 2439 Thome
403 2408 532 2447 Farnaby
559 2408 769 2439 Annotationes
784 2431 794 2446 ,
822 2407 1046 2447 Illustrationes,
1071 2408 1183 2438 Emen-

108 2449 237 2479 dationes
253 2470 262 2486 ,
296 2447 582 2485 Animadversiones,
607 2447 863 2486 Commentarios,
887 2446 1154 2478 Commentariolos
1171 2470 1182 2485 ‚

111 2487 234 2525 Notas,
258 2487 304 2516 vel
337 2487 490 2516 Orationes
521 2494 569 2516 aut
594 2485 730 2516 formulas
755 2485 903 2517 Oratorias
922 2486 952 2516 in
977 2485 1060 2517 diesis
1086 2486 1181 2516 Libris

109 2527 149 2557 fic
167 2548 177 2563 ,
204 2533 237 2555 ut
255 2526 411 2562 prefertur,
436 2525 508 2554 olim
528 2524 664 2562 impreffis
686 2525 720 2555 &
737 2523 819 2554 editis
834 2546 844 2562 ,
871 2525 916 2556 seu
941 2524 1038 2556 denuo
1060 2533 1107 2555 aut
1125 2525 1181 2554 im-

109 2563 259 2603 posterum
283 2562 479 2601 imprimendis
506 2563 539 2593 &
562 2562 678 2594 edendis
701 2570 748 2593 aut
775 2572 876 2593 eorum
901 2563 998 2601 aliquo
1024 2562 1184 2600 respefflve

111 2602 326 2640 comprehensis
341 2625 351 2639 ,
386 2609 434 2631 aut
458 2601 560 2632 eisdem
587 2611 633 2633 aut
659 2611 758 2632 eorum
787 2601 873 2632 alicui
889 2601 1047 2641 respective
1065 2612 1081 2632 a
1100 2601 1180 2632 dieto

112 2641 212 2671 Thome
237 2641 365 2678 Farnaby
391 2639 533 2678 adjectas,
560 2640 606 2670 seu
631 2650 732 2670 eorum
758 2639 863 2677 aliquas
892 2641 939 2671 seu
965 2641 1072 2678 aliquos
1089 2662 1100 2678 ,
1130 2641 1180 2671 ali-

116 2680 186 2712 cubi
202 2679 273 2710 infra
292 2678 430 2718 Regnum
447 2677 578 2708 nostrum
601 2678 732 2708 Hibernie
747 2701 756 2715 ,
780 2679 876 2718 Typis
896 2679 1042 2718 imprimat
1058 2686 1106 2709 aut
1124 2679 1181 2709 im-

114 2719 202 2758 primi
219 2718 303 2749 faciat
317 2740 328 2754 ,
353 2717 410 2748 fine
426 2716 551 2753 expiens
573 2716 704 2748 Licentia
722 2718 756 2748 &
770 2716 891 2747 Affensu
907 2717 976 2748 dieti
995 2716 1094 2746 Thome
1109 2719 1181 2747 Far-

114 2757 188 2797 naby
212 2765 258 2788 aut
283 2756 498 2795 Affignatorum
516 2755 573 2794 ejus
590 2757 667 2794 prius
684 2756 753 2786 inde
775 2756 805 2786 in
824 2755 943 2794 Scriptis
962 2756 1058 2787 habita
1077 2757 1112 2788 &
1127 2757 1183 2787 ob-

109 2805 197 2828 tenta.

151 2835 247 2872 Atque
265 2833 375 2870 insuper
392 2842 446 2870 pro
460 2832 561 2863 Nobis
576 2856 587 2870 ,
612 2831 776 2863 Heredibus
795 2833 829 2864 &
845 2833 1064 2865 Succefforibus
1081 2832 1182 2864 nostris

110 2873 225 2903 firmiter
243 2871 419 2909 injungendo
434 2872 571 2901 omnibus
587 2871 622 2901 &
643 2870 755 2910 fingulis
774 2871 896 2911 personis
912 2872 1105 2911 cujuscunque
1119 2873 1180 2903 fue-

112 2913 170 2943 rint
186 2912 295 2948 generis
312 2910 358 2940 seu
377 2910 550 2940 conditionis
565 2908 747 2952 inhibemus,
774 2920 810 2941 ne
829 2912 891 2948 quis
910 2911 1055 2949 predictos
1078 2911 1182 2942 Libros

111 2958 159 2982 aut
178 2950 232 2986 sic,
251 2958 283 2980 ut
300 2947 455 2986 prefertur,
472 2947 543 2977 olim
563 2946 711 2984 impreffos
729 2950 763 2980 ὅτ
780 2948 874 2979 editos
890 2950 936 2980 seu
951 2950 1049 2981 denuo
1062 2958 1109 2981 aut
1124 2951 1182 2981 im-

112 2988 261 3027 posterum
276 2986 443 3018 edendos&
458 2985 668 3024 imprimendos
682 2984 729 3015 seu
743 2996 845 3017 eorum
860 2987 968 3025 aliquos
983 2988 1029 3019 vel
1039 2988 1181 3027 aliquem,

110 3029 159 3060 seu
176 3026 249 3057 didti-
265 3026 364 3056 Thome
381 3024 509 3064 Farnaby
527 3023 738 3055 Annotationes
749 3048 760 3062 ,
784 3024 1008 3064 Illustrationes,
1033 3025 1179 3058 Emenda-

111 3068 222 3102 tiones,
239 3063 522 3101 Animadverfiones‚
539 3061 790 3103 Commentarios,
806 3063 1090 3103 Commentariolos,
1107 3065 1179 3096 No—

109 3115 168 3144 tas,
186 3104 341 3135 Orationes
352 3125 362 3141 ,
380 3109 427 3132 aut
449 3102 585 3132 formulas
601 3101 765 3145 Oratorias‚
788 3112 835 3134 aut
854 3104 884 3133 in
900 3103 984 3134 dictis
1004 3103 1097 3134 Libris
1112 3103 1151 3135 fic
1167 3127 1178 3143 ‚

109 3152 142 3176 ut
166 3142 305 3182 prefertur
317 3165 327 3180 ‚
353 3140 428 3172 olim
445 3139 575 3179 expressis
598 3141 634 3171 &
648 3140 729 3172 editis
746 3141 794 3172 seu
808 3141 905 3173 denuo
923 3151 970 3174 aut
989 3143 1180 3180 imposterum

107 3181 307 3222 imprimendis
324 3180 358 3211 &
375 3178 508 3216 edendis²
525 3186 692 3222 aut-eorum
709 3180 806 3219 aliquo
823 3181 978 3219 respective
988 3182 1179 3220 comprehen-

109 3223 161 3260 fis,
178 3229 227 3252 aut
247 3219 351 3251 eisdem
369 3225 418 3248 aut
435 3226 537 3261 eorum
553 3217 641 3248 alicui·
653 3227 669 3248 a
683 3218 765 3250 dicto
782 3218 884 3250 Thoma
901 3220 1033 3260 Farnaby
1042 3221 1180 3259 adjectas,

109 3261 156 3292 seu
171 3268 274 3290 eorum
289 3259 394 3296 aliquas
408 3255 454 3287 seu
472 3255 580 3294 aliquos
599 3257 629 3286 in
647 3258 773 3296 partibus
791 3258 998 3290 Transmarinis
1015 3282 1025 3298 ,
1049 3260 1095 3291 seu
1113 3260 1184 3290 alibi*

107 3307 187 3330 extra
205 3297 348 3337 Regnum
370 3294 501 3327 nostrum
519 3294 624 3333 Anglie
640 3296 788 3334 impressos
805 3307 853 3329 aut
870 3299 1078 3336 imprimendos
1094 3322 1104 3338 ,
1131 3307 1178 3330 aut

109 3346 214 3369 eorum
236 3337 283 3367 seu
309 3344 405 3366 earum
430 3333 585 3371 respective
602 3334 769 3372 exemplaria
784 3336 813 3366 in
830 3337 958 3374 partibus-
971 3338 1183 3369 Transmarinis

111 3377 157 3408 seu
184 3374 252 3405 alibi
275 3383 352 3406 exrra
376 3373 516 3409 Regnum
541 3372 673 3403 nostrum
688 3373 792 3412 Anglie
808 3375 940 3413 impressa
956 3377 990 3408 &
1011 3378 1179 3415 imprimen-

112 3415 205 3454 da,in
228 3412 367 3452 Regnum
384 3411 516 3443 nostrum
531 3410 706 3450 Anglie‚seu
723 3413 754 3442 in
770 3412 908 3453 Regnum
919 3414 1055 3450 ,nostrum
1074 3416 1178 3446 Hiber-

114 3457 158 3486 nie
175 3455 314 3492 importet
331 3458 378 3482 aut
394 3450 539 3488 importari
554 3450 636 3480 faciat
654 3460 701 3482 aut
720 3452 872 3492 importat,
892 3454 995 3486 vendat
1005 3462 1053 3486 aut
1068 3455 1178 3488 Vendi-

113 3495 188 3526 tioni
203 3498 327 3530 exponat
338 3497 386 3521 aut
400 3497 476 3520 emat
488 3489 560 3519 intra
575 3488 718 3526 Regnum
733 3490 863 3521 nostrum
871 3492 976 3529 Anglie
983 3502 1029 3524 aut
1040 3493 1179 3533 Regnum

113 3531 245 3563 nostrum
264 3528 395 3559 Hibernie
412 3527 623 3567 quovismodo,
644 3527 762 3559 durante
779 3537 845 3560 toto
863 3532 988 3562 termino
1012 3532 1123 3571 Viginti
1145 3534 1179 3564 &

113 3571 196 3602 unius
217 3570 369 3600 Annorum
396 3566 593 3605 predietorum
608 3589 618 3605 ‚
642 3566 699 3597 fine
728 3567 857 3600 Licentia
882 3570 1005 3608 expreffa
1022 3571 1056 3602 &
1074 3571 1179 3603 assensu

113 3609 185 3641 dicti
210 3607 307 3639 Thome
332 3604 460 3643 Farnahy
484 3612 530 3635 aut
556 3604 759 3644 affignatorum
784 3606 900 3638 suorum
923 3610 953 3640 in
971 3609 1087 3649 Scriptis
1104 3612 1180 3649 prius

113 3648 181 3679 inde
198 3647 294 3678 habita
314 3647 347 3678 &
365 3646 494 3676 obtenta.

149 3685 186 3717 Et
204 3685 320 3717 ulterius
335 3708 345 3723 ,
367 3693 420 3722 pro
438 3682 538 3713 Nobis
550 3704 562 3726 ².
587 3680 752 3715 Heredibus
769 3684 804 3716 &
819 3684 1034 3718 Succefforibus
1050 3687 1153 3719 nostris
1167 3712 1178 3728 ‚

114 3724 233 3755 firmiter
254 3725 391 3755 omnibus
409 3723 442 3755 &
466 3721 576 3760 singulis
601 3721 724 3758 personis
768 3724 960 3764 uibuscunque
975 3728 1009 3758 &
1027 3727 1179 3771 cujuscun-

68 3781 70 3783 >
114 3772 174 3802 que
199 3762 303 3794 fuerint
328 3763 438 3803 generis
464 3769 513 3792 aut
527 3760 702 3791 conditionis
722 3761 753 3792 in
774 3761 887 3794 ibemus
901 3786 912 3803 ‚
934 3774 973 3795 ne
992 3775 1055 3805 quis
1075 3775 1180 3798 contra

9 3935 18 3942 ι
37 3892 95 3921 <lx
113 3889 142 3917 *τ
155 3886 220 3922 The
235 3890 328 3934 KIngs
339 3888 532 3922 Declaration
541 3886 609 3920 that
622 3899 657 3919 no
662 3895 788 3934 greater
801 3885 949 3930 Customes
971 3901 1003 3922 vr
1015 3892 1085 3923 Fees
1101 3891 1180 3925 shall

7 3945 18 3994 Ξ
37 3953 106 4007 in,

43 4015 86 4046 3²-

52 4047 78 4076 8.

57 4095 80 4115 1.

9 4169 64 4191 ω).

161 3935 196 3971 be
221 3935 309 3976 taken
328 3934 368 3984 by
397 3935 445 3970 the
472 3936 596 3983 Officers
619 3936 657 3981 of
663 3934 714 3969 the
732 3934 965 3982 Gustum-house
982 3938 1021 3983 of
1032 3938 1177 3974 Scotish.

163 3996 235 4020 men
252 3983 326 4018 than
344 3983 612 4032 ofEnglishmen.

113 4071 211 4135 CH
217 4073 250 4102 A
260 4072 283 4100 R
294 4071 322 4099 L
332 4070 359 4098 E
368 4071 402 4106 S,
419 4068 459 4109 by
479 4070 528 4101 the
543 4071 641 4116 Grace
659 4070 695 4102 of
707 4069 796 4111 God,
812 4069 849 4102 of
863 4070 1013 4116 Englaqaed‚
1026 4071 1175 4112 Scotland,

184 4112 287 4140 France
299 4107 354 4138 and
366 4106 495 4147 IrelanaI,
515 4107 614 4150 ng‚
632 4109 782 4141 Defender
798 4110 836 4140 of
848 4110 898 4141 the
917 4110 1020 4149 Faith,
1034 4111 1097 4147 &a

145 4148 198 4186 To
214 4158 269 4180 our
286 4147 363 4187 right
380 4145 477 4187 trustie
491 4147 547 4180 and
565 4150 639 4190 right
655 4148 831 4185 welbeloved
847 4148 1016 4183 Counl'cllor
1025 4172 1036 4189 ,
1051 4148 1179 4220 1&ch

1228 479 1290 502 tero
1309 472 1475 502 venditione
1493 475 1693 511 expositorum.

1262 510 1372 555 Dantes
1386 512 1495 556 insuper
1514 513 1552 556 &¹
1566 517 1773 554 concedentes,
1792 530 1844 556 pro
1865 521 2147 559 Nobisffleredibus
2162 527 2195 557 &
2213 526 2286 557 Suc-

1224 548 1378 579 cefforibus
1397 550 1603 589 nostriS,dicsto
1617 552 1715 583 Thome
1732 559 1859 596 Farnaby
1873 562 1906 590 &
1923 561 2070 600 Allignatis
2087 564 2104 582 θ’*
2125 565 2176 595 suis

2191 565 2285 603 quod,
2325 556 2344 575 *ᾳ
2354 558 2437 589 ΧῙΧᾸ

1223 588 1343 619 durante
1362 589 1487 619 termino
1506 589 1651 627 predietm
1667 593 1704 622 he
1723 593 1815 625 Litere
1834 597 1928 628 nostre
1945 599 2090 637 Parentes,
2108 603 2146 633 sic
2168 613 2198 633 ut
2220 613 2284 640 pre-
2311 597 2374 632 368.

1221 626 1311 657 fertur
1328 649 1338 665 ,
1363 627 1445 657 dieto
1462 626 1559 657 Thome
1578 630 1704 670 Farnfzbr
1722 631 1794 661 faeie
1810 656 1819 670 ,
1842 637 1887 665 vel
1906 636 2154 670 Irrorulamentum
2175 651 2285 672 earum-

1222 664 1288 695 dem
1299 688 1308 702 ,
1335 667 1427 709 bone,
1455 667 1544 696 valide
1560 668 1593 698 &
1610 667 1772 699 effeciuales
1791 672 1817 698 'm
1840 672 1913 711 Lege
1930 677 2020 705 eidem
2041 677 2138 708 Thoma»
2155 681 2283 719 Farnaby

1222 704 1255 747 βε
1277 704 1431 748 Affignatis
1449 703 1501 735 suis
1517 706 1550 735 ad
1565 706 1771 737 omnimodum
1783 708 1859 746 juris
1876 711 2013 743 efr'ectum
2026 716 2102 752 juxta
2118 719 2283 748 earumdem

1221 751 1414 774 intentionem
1432 743 1567 782 existent,
1586 744 1681 782 aliquo
1699 745 1819 784 statuto,
1835 748 1916 786 actu,
1935 752 2124 792 ordinatione,
2144 757 2283 794 provino-

1221 782 1352 850 ffiesstjsgu
1366 782 1469 852 §leliqua
1496 793 1666 821 quacunque
1692 793 1722 815 re
1742 794 1800 814 non
1820 786 1958 818 obstante.
1995 790 2040 820 Eo
2064 794 2140 830 quod
2159 795 2283 834 expreffi

1340 843 1350 858 ,
1420 844 1426 849 .

1260 895 1293 926 In
1312 898 1391 935 cujus
1407 899 1460 937 rei,
1478 898 1540 929 &c.

1260 972 1351 1004 Teste
1371 973 1452 1012 Rege
1466 974 1540 1013 apud
1557 975 1833 1016 PVestmonaslerium,
1851 977 1926 1009 sexto
1940 978 1986 1009 die
2002 982 2114 1018 Aprilis.

1722 1056 1776 1084 Per
1794 1052 1887 1085 Breve
1903 1054 1934 1084 de
1950 1033 2071 1085 Privato
2086 1059 2181 1096 Sigillo.

1223 1182 1419 1227 Confirmatio
1447 1183 1574 1218 duorum
1605 1187 1809 1220 Trai-latusim
1838 1191 1915 1222 inter
1937 1191 2106 1223 Dominum
2122 1194 2227 1239 Regem
2246 1199 2282 1234 ων

1597 1237 1706 1283 Regem
1729 1238 1928 1272 Francorum.

1223 1316 1357 1378 CAR
1367 1320 1392 1347 O
1402 1320 1430 1347 L
1441 1320 1491 1348 US
1500 1341 1510 1357 ,
1528 1317 1588 1349 Dei
1607 1319 1725 1359 Gratia,
1744 1324 1849 1360 Magne
1862 1326 2010 1362 Britanie,
2037 1327 2153 1356 Fransie
2173 1323 2213 1361 ῤ’
2233 1329 2287 1357 Hi-
2307 1324 2379 1355 Arm.
2392 1326 2434 1356 D,

1268 1393 1273 1398 ι
1300 1356 1390 1386 bernie
1411 1360 1489 1396 Rex,
1515 1357 1594 1388 Fidei
1611 1359 1770 1399 Defensor,
1797 1364 1859 1393 &c.
1878 1362 2025 1394 Omnibus
2043 1363 2091 1394 has
2107 1365 2216 1396 Literas
2234 1366 2289 1396 Vi-

1219 1392 1306 1431 suris,
1324 1394 1464 1425 Salutem.

2335 1365 2419 1404 1632,

2328 1408 2381 1430 Rot.

1244 1431 1416 1475 'Postquam
1435 1433 1613 1478 difficultates
1632 1446 1689 1474 que
1706 1436 1850 1477 hucusque
1867 1438 2021 1478 obstitere,
2039 1443 2192 1479 quominus
2205 1442 2290 1473 Con·
2308 1443 2423 1469 Tradat.

1220 1468 1344 1515 ditiones
1362 1474 1395 1506 δε
1416 1472 1536 1503 Articuli
1556 1473 1814 1506 Reconciliationis
1833 1478 1983 1516 proxime,
2001 1480 2073 1509 inter
2089 1480 2157 1511 Nos
2181 1483 2215 1513 &
2237 1482 2288 1512 Se·
2307 1485 2375 1514 penes

1221 1510 1395 1540 reniffimum
1424 1511 1711 1555 Potentiffimumque
1734 1514 1847 1554 Regem
1866 1515 2138 1549 Christianisfimum
2158 1520 2285 1551 Fratrem
2307 1518 2423 1546 &0th-

1218 1548 1350 1579 nostrum
1370 1549 1576 1581 Chariffimum
1596 1551 1817 1590 faete,omnino
1836 1554 2193 1594 adimplerentur,tandem
2213 1559 2284 1596 (Dei
2305 1565 2341 1584 m·
2357 1565 2402 1583 2²-

1218 1587 1335 1630 auxilio)
1363 1598 1380 1618 a
1405 1588 1506 1618 nostris
1533 1598 1635 1621 mutuo
1654 1591 1869 1623 allaborantibus
1888 1593 2029 1624 Ministris
2052 1597 2085 1626 ὃς
2107 1596 2288 1629 Commiffa-

1220 1635 1283 1664 riis,
1302 1625 1561 1672 sunt-composite-⁷
1577 1637 1663 1667 atque
1681 1630 1760 1669 super
1778 1630 1847 1661 istac
1867 1630 2090 1670 Compositione
2109 1635 2142 1665 &
2164 1635 2289 1673 perfecta

1221 1662 1479 1708 Reconciliationis
1497 1666 1753 1707 redintegratione,
1772 1669 1832 1700 duo
1851 1670 2003 1702 Tradimus
2022 1674 2152 1704 conclusi
2169 1677 2202 1706 &
2216 1684 2290 1706 con·

1221 1701 1332 1741 stituti,
1350 1713 1477 1748 quorum
1494 1705 1676 1749 alteruterum
1697 1710 1802 1739 mutuo
1822 1708 2056 1741 restituendarum
2076 1713 2231 1751 rationem,
2247 1714 2288 1744 al-

1221 1748 1263 1771 ter
1289 1750 1381 1785 mutui
1406 1744 1587 1773 Commercii
1607 1745 1796 1776 Moderamen
1816 1748 1848 1778 &
1864 1748 2031 1780 Stabilimen
2050 1752 2131 1780 certis
2150 1751 2288 1783 Articulis

1222 1787 1371 1824 continent
1385 1804 1395 1819 ,
1419 1790 1540 1824 *uterque
1559 1783 1588 1812 in
1605 1782 1744 1821 Oppido,
1761 1785 1851 1824 vulgo
1869 1790 1911 1815 St.
1926 1790 2056 1818 Germain
2075 1800 2107 1818 en
2123 1791 2187 1825 Lar
2203 1800 2290 1822 voca—

1215 1826 1262 1861 to,
1281 1818 1325 1850 die
1342 1822 1474 1850 vicelima
1492 1830 1567 1864 nona
1582 1823 1707 1858 preteriti
1727 1826 1830 1853 Marcii
1846 1826 1912 1854 anni
1935 1826 2066 1863 presentis
2083 1827 2179 1866 datuS,
2202 1837 2288 1866 atque

1216 1856 1360 1888 dierorum
1382 1858 1655 1890 commissariorum
1676 1863 1937 1900 manibus,nempe
1955 1873 1989 1894 ex
2004 1865 2096 1896 nostra
2114 1876 2192 1903 parte
2207 1867 2287 1906 Isba-

1216 1899 1240 1940 εξ
1259 1897 1346 1926 Wake
1363 1896 1492 1935 Equitis,
1510 1897 1599 1928 nostri
1618 1908 1686 1929 cum
1707 1902 1776 1938 Rege
1794 1901 2011 1941 Christianiffimo
2030 1906 2163 1935 morantis
2179 1906 2287 1937 Orato-

1217 1944 1252 1964 ris
1265 1957 1275 1972 ‚
1299 1943 1328 1966 at
1352 1945 1386 1966 cx
1410 1944 1489 1973 parte
1514 1936 1634 1974 prediffi
1658 1941 1739 1976 Regis
1758 1939 1972 1980 Christimnffimi
1991 1940 2225 1975 Conliliariorum
2243 1946 2287 1983 ip-

1220 1973 1274 2003 fius
1298 1973 1437 2005 Ballionis
1461 1975 1496 2006 &
1513 1975 1690 2006 Bouthillieri
1705 1999 1715 2014 ,
1739 1977 1774 2007 ad
1790 1978 1844 2009 hec
1862 1978 1992 2017 Negotia
2010 1980 2180 2017 perficienda
2200 1984 2289 2013 utrin-

1220 2021 1278 2050 que
1295 2013 1513 2057 Deputatorum
1528 2015 1562 2046 &
1580 2013 1872 2056 Commissariorum‚
1889 2018 1923 2048 &
1941 2018 2140 2058 confirmatus,
2159 2021 2286 2060 nihilque

1219 2051 1358 2088 superesse
1383 2060 1431 2083 aut
1453 2052 1602 2084 desiderari
1624 2053 1718 2085 visum
1743 2054 1794 2085 fuit
1813 2054 1862 2086 nisi
1882 2063 1914 2087 ut
1932 2057 2017 2087 nobis
2032 2058 2094 2095 ipsis
2109 2058 2201 2089 difios
2213 2082 2223 2097 ,
2249 2059 2286 2091 de

1220 2090 1395 2122 restituendis
1419 2092 1503 2123 rebus
1526 2099 1612 2130 atque
1632 2092 1668 2123 de
1690 2091 1868 2125 restaurando
1888 2094 2099 2136 Commercio,
2119 2097 2288 2138 Tractatus‚

1216 2129 1333 2167 probari
1351 2129 1600 2163 demonstraretur.

1252 2167 1338 2206 Nos,
1357 2169 1460 2206 quibus
1478 2169 1595 2208 quidem
1615 2171 1772 2207 genuinam
1789 2179 1858 2201 cum
1876 2171 1972 2203 Fratre
1988 2172 2088 2204 nostro
2107 2173 2287 2207 Chariffimo

1215 2210 1286 2245 Rege
1303 2207 1525 2248 Christianiffimo
1544 2208 1664 2240 colendi
1679 2209 1950 2249 Amicitiam,atque
1966 2221 2157 2243 communem
2172 2215 2288 2245 nostro·-

1213 2255 1277 2275 rum
1296 2247 1429 2285 utrinque
1447 2249 1620 2287 Regnorum
1638 2249 1672 2280 &
1691 2248 1877 2279 Subditorum
1897 2251 2090 2287 promovendi
2112 2253 2282 2291 utilitatem,

1214 2284 1361 2328 summum
1380 2286 1490 2325 semper
1509 2295 1604 2318 manet
1623 2287 1747 2318 studium
1759 2310 1768 2325 ,
1794 2295 1876 2319 tanto
1893 2290 1926 2319 &
1946 2297 2003 2320 tam
2022 2289 2129 2321 salutari
2147 2290 2284 2330 Negotio

1219 2323 1314 2355 deesse
1332 2325 1412 2355 nullo
1431 2325 1522 2356 modo
1540 2326 1694 2356 voluimus.

1255 2362 1346 2402 Igitur
1363 2363 1463 2394 Sciatis
1481 2363 1559 2402 quod
1581 2364 1650 2394 Nos
1665 2387 1675 2402 ,
1700 2363 1794 2395 ἀίξὶος
1809 2364 1880 2395 duos
1898 2364 2070 2404 Tranatus,
2097 2376 2203 2406 nempe
2217 2368 2286 2400 alte·

1218 2410 1284 2431 rum
1301 2401 1337 2432 de
1356 2403 1439 2432 rebus
1465 2411 1568 2433 mutuo
1590 2403 1781 2440 restituendis,
1801 2405 1879 2442 cujus
1901 2406 2013 2434 initium
2036 2406 2095 2441 est,

1255 2440 1383 2470 Articles
1404 2441 1524 2481 arrestez
1546 2448 1623 2471 entre
1646 2441 1671 2471 le
1697 2441 1834 2479 Seigneur
1861 2441 1934 2473 isaac
1959 2443 2055 2474 Wake
2075 2443 2221 2474 chevalier
2243 2442 2283 2479 ὦ·

1218 2478 1421 2517 Ambaffadeur
1438 2480 1474 2509 du
1492 2483 1547 2518 Roy
1564 2479 1598 2509 de
1615 2479 1762 2517 lavGrand
1778 2480 1915 2518 Bretagne
1928 2484 2035 2520 Depute
2046 2483 2081 2512 du
2098 2483 2139 2512 dit
2154 2486 2282 2521 Seigneur

1217 2520 1291 2556 Roy,
1306 2520 1351 2548 Et
1369 2517 1407 2548 les
1424 2518 1582 2557 Seigneurs
1593 2518 1630 2549 de
1642 2518 1774 2549 Bouillori
1791 2519 1933 2557 Consbiller
1947 2520 1983 2549 du
1995 2523 2049 2560 qu
2065 2523 2130 2550 Tres
2144 2521 2283 2559 Clareslien

1217 2566 1251 2585 en
1270 2555 1317 2596 fi’s
1340 2556 1456 2596 Conseils
1479 2556 1598 2595 d'Estat
1615 2556 1654 2592 &
1673 2560 1760 2587 Pri-ve
1773 2580 1782 2595 ‚
1809 2560 1850 2587 Et
1870 2558 2034 2589 Bouthillier
2051 2559 2123 2598 auſj)
2139 2560 2285 2599 conseiller

1218 2594 1251 2623 de
1267 2595 1307 2633 fit
1325 2595 1443 2633 Majesle
1460 2608 1495 2626 en
1506 2600 1552 2636 ses
1570 2597 1626 2626 dits
1643 2596 1755 2634 Confeils
1775 2594 1814 2630 ό
1832 2599 1978 2626 Secretaire
1994 2598 2026 2627 de
2040 2598 2086 2637 ses
2104 2599 2282 2628 Commende-

1218 2643 1306 2671 mens,
1326 2633 1668 2673 Commtffizires,Deputez
1682 2645 1737 2674 par
1747 2634 1785 2673 sa
1803 2635 1860 2664 dite
1878 2635 2013 2674 Majeslc’,
2026 2646 2095 2675 pour
2112 2636 2142 2666 la
2161 2637 2282 2676 Restitu-

1217 2674 1277 2702 tion
1301 2672 1347 2702 des
1367 2671 1462 2711 Chose's
1487 2676 1534 2715 qui
1560 2681 1610 2703 ont
1634 2672 1687 2713 este
1701 2675 1788 2712 prifi’s
1804 2674 1892 2713 depuis
1912 2673 1936 2703 le
1958 2675 2052 2704 Traite
2069 2674 2129 2714 fait
2146 2683 2224 2705 entre
2243 2676 2287 2707 lez

1220 2709 1291 2740 deux
1311 2714 1463 2741 Couronnes
1476 2735 1487 2751 ‚
1508 2711 1533 2741 le
1556 2715 1639 2748 vingt
1656 2711 1819 2753 quatriefine
1834 2714 1897 2750 jour
1914 2712 2039 2743 d'Avrill
2056 2736 2066 2751 ,
2092 2713 2151 2743 Mil
2157 2713 2205 2754 fix
2225 2726 2285 2745 cem

1221 2752 1303 2786 vingt
1320 2748 1358 2784 ᾤ’
1377 2748 1451 2788 neuf
1458 2772 1469 2788 ,
1494 2750 1557 2781 &c.
1596 2753 1692 2789 Atque
1709 2752 1829 2781 alterum
1845 2751 1881 2781 de
1899 2750 2083 2782 Commercii
2104 2752 2286 2784 Moderami·

1220 2797 1258 2818 ne
1275 2789 1307 2819 &
1325 2788 1503 2819 Stabilimine
1521 2789 1601 2828 cujus
1618 2790 1732 2820 initium
1754 2788 1812 2827 est,

1257 2826 1384 2857 Articles
1408 2827 1529 2867 arreslez
1553 2835 1633 2858 entre
1655 2828 1680 2857 le
1704 2828 1842 2867 Seigneur
1866 2826 1941 2859 Isaac
1970 2828 2065 2859 Wake
2080 2827 2226 2858 chevalier
2244 2828 2283 2864 &

1219 2864 1423 2904 Ambaffadeur
1445 2866 1481 2895 du
1506 2869 1562 2905 Roy
1589 2866 1621 2896 de
1645 2866 1675 2896 la
1699 2866 1819 2897 Grande
1835 2865 1975 2903 Bretagne
1998 2870 2099 2905 Depute
2115 2866 2210 2896 dudit
2228 2870 2285 2898 Sei-

1215 2913 1302 2941 gneur
1320 2908 1376 2944 Roy
1389 2927 1399 2942 ‚
1425 2907 1469 2935 Et
1486 2904 1533 2935 lez
1547 2906 1696 2943 Seigneurs
1714 2905 1751 2935 de
1770 2905 1900 2935 Bouillon
1920 2903 2063 2943 Conseiller
2081 2906 2116 2934 du
2136 2908 2192 2944 Roy
2210 2906 2285 2937 Tres

1219 2942 1369 2974 Chrestien
1386 2953 1421 2972 en
1440 2942 1487 2982 ses
1511 2943 1628 2981 conseils
1645 2943 1765 2981 d'Eslat
1783 2940 1821 2976 ὠ
1842 2945 1947 2981 Priene,
1966 2946 2006 2974 Et
2025 2944 2189 2974 Bouthillier
2207 2944 2283 2984 auffl

1217 2980 1366 3022 conseiller
1382 2981 1415 3011 de
1431 2985 1469 3012 Sa
1487 2981 1604 3020 Majeste
1622 2992 1655 3011 en
1663 2981 1709 3020 fis
1725 2982 1789 3011 ditz
1808 2981 1924 3020 Conftils
1937 3004 1947 3019 ,
1969 2980 2007 3016 ὠ·
2025 2986 2174 3012 Secretaire
2191 2983 2224 3013 de
2235 2984 2284 3023 fia·

1218 3020 1452 3051 Commandemem
1468 3042 1480 3058 ,
1504 3018 1704 3057 Commiffat'rer
1720 3021 1837 3059 deputez
1858 3028 1911 3058 par
1923 3020 1960 3059 sb
1978 3020 2021 3049 dtt
2038 3021 2157 3060 Majesle
2168 3029 2236 3060 pour
2254 3022 2284 3052 la

1215 3058 1313 3089 liberte
1338 3059 1374 3088 du
1398 3063 1545 3088 commerce
1564 3067 1642 3088 entre
1667 3058 1704 3088 les
1729 3058 1850 3096 Subjests
1868 3058 1912 3088 des
1931 3059 2001 3088 deux
2019 3063 2171 3090 Couronnes
2185 3083 2194 3098 ‚
2219 3061 2283 3092 &c.

1216 3098 1289 3129 inter
1301 3097 1396 3128 diuos
1410 3097 1524 3127 nostros
1539 3097 1679 3135 utriusque
1694 3096 1914 3127 Commiffarios
1929 3097 2066 3128 dictadie
2080 3099 2214 3138 vigesima
2229 3109 2284 3130 no-

1214 3145 1251 3167 na
1276 3136 1384 3167 Mensis
1400 3145 1490 3174 nuper
1507 3137 1628 3173 preteriti
1647 3139 1753 3166 Martii
1770 3136 1860 3165 factos
1877 3136 1911 3166 δε
1928 3136 2079 3171 conclusos
2091 3160 2101 3175 ,
2128 3137 2285 3175 omnesque·

1217 3176 1252 3207 δε
1277 3175 1400 3214 fingulos
1426 3176 1455 3205 in
1475 3174 1574 3205 iisdem
1593 3174 1735 3212 expositos
1751 3174 1895 3205 Articulos
1913 3175 1995 3205 nobis
2014 3177 2104 3214 probe
2123 3175 2283 3213 perspecms

1217 3215 1252 3245 &
1276 3214 1357 3244 altius
1382 3214 1425 3251 (ut
1451 3213 1559 3249 decuit)
1577 3214 1748 3253 perpenses,
1773 3214 2083 3251 comprobavimus&
2097 3213 2284 3246 confirmavi-¹

1217 3262 1300 3290 mus,
1316 3261 1399 3291 atque
1417 3262 1467 3291 per
1482 3251 1622 3290 presentes
1639 3252 1863 3291 comprobamus
1880 3252 1914 3282 &
1933 3253 2147 3283 confirmamus.

1252 3291 1457 3323 Promittentes
1481 3293 1558 3322 bona
1584 3290 1640 3321 fide
1658 3293 1691 3323 &
1707 3292 1736 3321 in
1756 3291 1846 3322 verbo
1864 3290 1961 3329 Regio
1980 3301 2032 3322 nos
2050 3290 2164 3321 eosdem
2181 3298 2261 3322 ratos
2273 3313 2285 3331 ,

1214 3338 1310 3370 gratos
1327 3332 1361 3363 ὃς
1380 3330 1480 3362 firmos
1496 3330 1598 3361 habere
1615 3331 1649 3362 &
1664 3331 1827 3368 habituros,
1838 3330 1995 3362 servaturos
2011 3338 2094 3367 atque
2112 3329 2214 3361 servari
2226 3339 2283 3362 cu-·

1215 3377 1336 3401 raturos.
1717 3390 1720 3393 >

1254 3446 1288 3478 In
1304 3448 1385 3486 cujus
1399 3447 1437 3478 rei
1454 3445 1672 3477 Testimonium
1687 3446 1736 3477 has
1754 3445 1862 3477 Literas
1877 3445 1976 3476 nostro
1987 3443 2191 3483 chirographo
2206 3455 2278 3478 ocn-

1217 3485 1347 3525 firmare,
1366 3487 1399 3517 &
1419 3485 1518 3523 Regni
1535 3484 1625 3516 nostri
1642 3484 1748 3530 Anglii>
1766 3485 1863 3524 Sigillo
1882 3485 2065 3515 communire
2083 3484 2233 3515 voluimus.

1252 3562 1341 3594 Datas
1365 3573 1382 3594 e
1409 3561 1508 3593 nostro
1533 3561 1642 3593 Palatio
1668 3560 1936 3601 Wstmonasterienfi
1949 3583 1959 3599 ,
1985 3560 2030 3591 die
2054 3560 2171 3592 decimo
2196 3562 2280 3593 tertio

1216 3602 1326 3639 Aprilis
1342 3625 1352 3640 ,
1379 3602 1468 3633 Anno
1484 3601 1584 3632 Salutis
1605 3601 1727 3631 humane
1744 3600 1821 3637 supra
1840 3599 2027 3629 Millefimum
2047 3599 2279 3632 sexcentesimum

1216 3640 1465 3681 tricefimumque,
1483 3640 1624 3678 secundo,
1639 3639 1790 3678 Regnique
1809 3637 1899 3668 nostri
1917 3638 2032 3670 ottavo.

1537 3718 1591 3747 Per
1602 3715 1682 3757 ipfhm
1694 3719 1789 3754 Regem
1797 3718 1907 3754 propria
1921 3725 2004 3745 manu
2018 3717 2171 3752 Signatum.

1217 3887 1422 3924 Declaration
1453 3887 1500 3922 du
1530 3887 1598 3922 Roi
1625 3898 1707 3933 pour
1721 3898 1786 3932 que
1804 3886 1846 3920 les
1867 3884 2020 3920 Officiers
2037 3884 2076 3919 de
2092 3886 2116 3920 la
2136 3887 2275 3924 Douane

1263 3950 1302 3973 ne
1339 3946 1488 3984 prennent
1520 3947 1571 3981 pas
1597 3935 1637 3970 de
1664 3935 1736 3982 plus
1764 3933 1876 3982 grands
1908 3933 2020 3968 Droits
2047 3933 2102 3969 des
2129 3935 2277 3972 Ecoffois

1261 3997 1326 4033 que
1341 3985 1394 4020 des
1417 3983 1561 4031 Anglois.

1216 4072 1312 4134 CH
1322 4071 1348 4103 A
1357 4071 1386 4102 R
1395 4071 1420 4101 L
1429 4069 1455 4102 E
1465 4069 1484 4101 S
1492 4092 1502 4108 ‚
1516 4076 1569 4107 par
1586 4068 1614 4120 l?
1627 4079 1709 4107 grace
1720 4068 1752 4100 de
1768 4071 1856 4106 Dieu,
1868 4070 1919 4098 Roi
1934 4067 2129 4116 d’Angleterre
2137 4093 2147 4108 ‚
2156 4069 2274 4102 d’Ecos·

1295 4112 1338 4149 se,
1356 4110 1387 4140 de
1400 4109 1423 4140 F
1424 4118 1509 4140 rance
1522 4106 1560 4142 εἶφ’
1576 4108 1596 4139 d
1607 4106 1733 4146 Irlande,
1751 4105 1904 4147 Dtg‘fenftur
1920 4107 1953 4136 de
1967 4107 1995 4137 la
2009 4111 2075 4147 Foi,
2092 4106 2154 4143 &c.

1249 4153 1285 4182 A
1302 4157 1379 4182 notre
1394 4148 1449 4180 tres
1459 4146 1544 4187 fidele
1558 4145 1597 4184 ὦ·
1614 4146 1672 4180 tres
1689 4147 1840 4186 bien-aimei
1853 4145 2019 4187 Confi’iller,
2044 4146 2273 4217 Richaxrssekird
