2536 4255
15 86 17 106 l

14 107 16 122 i

13 167 15 180 1

0 215 3 231 ²
28 209 98 244 1.,1).

27 259 75 291 33·

16 301 62 328 19·

26 354 34 363 0
53 343 74 363 1.

0 2620 77 2650 11111.

0 2658 60 2695 5³8·

681 113 797 154 ET
887 112 1152 178 ACTA

117 202 247 236 Simonie
263 200 319 232 hac
333 200 400 232 vice
414 199 607 238 spectantem3
628 198 665 230 Et
679 198 840 237 diriguntur
856 200 894 231 he
911 200 1008 231 Litere
1021 198 1173 230 Reveren-

117 244 158 274 do
172 244 202 273 in
217 239 336 271 Christo
351 239 428 270 Patri
445 239 582 269 Domino
597 239 730 277 Ricardo,
751 237 922 278 Norwicenfi
932 237 1085 276 Episcopo.

152 279 241 312 Teste
253 277 337 318 Rege
348 278 422 316 apud
438 276 715 318 Westmonasterium,
734 277 910 308 duodecimo
926 276 974 306 die
988 274 1150 306 Decembris.

151 360 286 389 Henricus
299 355 407 394 Smith,
425 354 573 392 Clericus,
592 355 620 384 iri
638 353 754 384 Artibus
767 351 924 396 Magister,
941 352 1027 384 habet
1035 351 1171 383 consimi-

111 399 151 430 ies
175 397 282 429 Literas
304 395 435 426 Patentes
457 394 492 423 de
514 392 721 430 presentatione
743 391 778 421 ad
792 390 959 421 Reetonam
983 391 1019 422 de
1041 391 1169 428 Wading-

110 438 176 467 ham
191 437 290 468 sancii
303 436 381 464 Petri
394 431 522 462 Diocesis
539 429 697 466 Lincolnie,
723 439 773 466 per
795 438 918 460 mortem
935 430 1027 460 ultimi
1049 429 1169 460 Incum-

109 476 202 507 bentis
216 474 324 505 ibidem
335 473 395 510 jam
409 478 574 504 vacantem,
593 468 627 498 &
642 467 676 498 ad
689 467 814 498 nostram
831 468 1066 505 presentationem
1081 470 1168 505 pleno

113 515 170 546 'ure
182 513 374 553 specstantem3
397 507 435 538 Et
454 508 610 545 diriguntur
631 506 668 537 he
690 506 784 536 Litere
807 505 980 538 Reverendo
999 509 1030 537 in
1050 506 1168 537 Christo

107 525 189 585 *i'atri
204 552 340 584 Domino
354 546 502 587 Johanni,
514 544 656 574 Lincolnie
670 543 824 582 Episcopo.
867 548 874 555 “
1026 557 1029 561 ·

148 591 238 622 Teste
257 589 340 628 Rege
358 584 438 623 apud'
453 582 711 622 Westmonasterium
730 606 740 621 ,
774 583 911 615 vicesimo
936 585 1022 615 tertio
1047 583 1093 615 die
1111 586 1170 613 De-

109 630 229 661 cemhris.

144 706 278 738 Ricardus·
294 702 416 738 Hookes,
435 699 584 737 Clericus,
609 700 639 729 in
657 699 772 730 Artibus
789 698 947 738 Magister,
972 698 1059 730 habet
1075 698 1168 730 consi-

110 747 190 778 miles
205 745 308 775 Literas
324 741 454 771 Parentes
468 740 503 769 de
519 739 720 776 presentatione
734 738 768 768 ad
780 738 804 769 V
807 739 923 768 icariam
938 738 974 769 de
982 738 1089 767 Badew
1101 737 1166 767 alias

109 786 220 816 Badow
228 790 326 821 parva
343 779 471 810 Diocelis
490 776 625 814 Lamon,
644 786 694 813 per
710 786 835 806 mortem
851 777 946 807 ultimi
969 776 1167 807 incumbentis

111 823 222 854 ibidem
239 821 294 858 jam
310 826 461 849 vacantem
471 839 481 854 ,
497 817 529 846 &
544 815 579 845 ad
594 816 722 844 nostram
737 815 974 852 presentationem
988 815 1096 846 ratione
1109 815 1166 844 mi-

111 863 193 893 noris
206 860 285 891 etatis
295 859 408 888 Henrici
423 858 567 891 Pennynge
582 853 727 891 Armigeri
735 875 743 891 ,
767 851 883 883 Patroni
895 853 971 884 dicte
985 853 1118 884 Rectorie
1129 853 1166 883 de

109 901 219 931 Badew
231 898 295 928 alias
308 895 417 925 Badow
431 893 555 931 predicta
569 891 621 921 hac
636 892 701 921 vice
717 891 891 930 spectantem
907 903 917 930 3
954 891 990 923 Et
1010 892 1169 932 diriguntur

109 940 149 971 he
163 939 262 969 Litere
276 932 453 966 Reverendo
468 932 497 961 in
514 929 631 960 Christo
647 929 724 960 Patri
746 929 883 960 Domino
905 929 1066 970 Wllielmo,
1090 933 1169 961 Lon-

105 976 160 1008 don
176 976 202 1007 E
224 975 335 1011 iscopo.
849 1008 854 1013 ,

144 1015 193 1047 Τ6
220 1024 236 1045 6
254 1012 335 1052 Rege
347 1008 421 1048 apud
435 1005 713 1047 Wstmonasterium,
733 1006 811 1038 sexto
825 1007 873 1038 die
887 1006 1036 1046 Januarii.

147 1090 263 1124 Samuel
272 1091 405 1126 Gregory,
420 1085 568 1123 Clericus,
584 1086 613 1115 in
632 1084 746 1116 Artibus
763 1083 918 1124 Magister,
935 1085 1021 1116 habet
1035 1085 1170 1116 consimi-

110 1132 150 1164 les
172 1132 278 1162 Literas
298 1126 429 1156 Patentes
452 1125 487 1155 de
511 1124 714 1161 presentatione
737 1123 772 1153 ad
790 1123 959 1154 Redioriam
974 1124 1010 1155 de
1027 1124 1168 1163 Highhray

109 1171 175 1202 alias
190 1171 266 1206 Bray
293 1164 425 1196 Diocesis
447 1165 575 1198 Exonie,
591 1163 653 1201 jam
669 1163 806 1204 legittime
822 1163 854 1193 &
876 1162 912 1192 de
923 1163 985 1200 jure
999 1164 1169 1200 vacantem,

107 1211 141 1241 ὅ(
158 1208 193 1239 ad
208 1206 334 1237 nostram
351 1203 589 1241 presentationem
607 1211 655 1238 per
669 1200 793 1238 Laplum
807 1202 942 1238 temporis
959 1201 1013 1231 sive
1037 1211 1086 1238 per
1103 1210 1167 1238 pra-

108 1249 228 1279 vitatem
243 1244 393 1278 Simonie,
417 1242 469 1271 hac
486 1241 550 1270 vice
564 1239 756 1277 spediantem3
777 1238 811 1269 Et
834 1238 992 1277 diriguntur
1014 1239 1052 1269 he
1077 1239 1172 1269 Litere

108 1283 283 1317 Reverendo
299 1283 327 1312 in
341 1280 460 1311 Christo
474 1278 549 1309 Patri
565 1278 698 1308 Domino
714 1276 851 1316 Jofi’pho,
866 1279 974 1306 Exonie
994 1276 1149 1315 Episcopo.

141 1323 232 1355 Teste
254 1322 341 1359 Rege
362 1318 436 1358 apud
460 1315 722 1356 Wstmonasterium
737 1338 747 1353 ,
772 1315 912 1346 vicesimo
929 1324 1032 1353 quarto
1046 1316 1093 1347 die
1108 1317 1171 1355 Ja-

112 1366 215 1395 marii.

146 1438 241 1479 Jofias
268 1430 504 1471 Hawkesworth,
526 1430 672 1467 Clericus,
697 1431 727 1460 in
755 1429 873 1461 Artibus
896 1430 1052 1471 Magister,
1083 1432 1166 1464 habet

111 1478 273 1510 consimiles
294 1475 399 1505 Literas
416 1471 545 1500 Parentes
562 1469 598 1499 de
614 1468 815 1508 presentatione
830 1470 864 1500 ad
882 1469 1025 1501 Vicariam
1038 1472 1074 1501 de
1095 1474 1170 1510 Hey-

112 1528 164 1548 nor
187 1512 320 1546 Diocefis
341 1507 540 1548 coventrienfir
559 1508 592 1537 &
614 1505 769 1546 Lichenfis,
794 1517 842 1545 per
864 1518 989 1540 mortem
1006 1509 1097 1540 ultimi
1120 1509 1170 1541 ln-

113 1553 276 1587 cumbentis
291 1548 399 1581 ibidem
413 1549 471 1584 jam
489 1554 657 1588 vacantem,
679 1546 711 1575 &
733 1546 767 1575 ad
789 1545 913 1577 nostram
934 1549 1171 1585 presentationem

112 1596 200 1633 pleno
218 1593 280 1631 jure
304 1587 504 1625 speC‘tantem3
533 1583 571 1614 Et
592 1583 748 1621 diriguntur
771 1584 806 1614 he
829 1585 926 1615 Litere
947 1586 1122 1618 Reverendo
1142 1588 1173 1618 in

111 1631 231 1664 Christo
253 1627 330 1660 Patri
351 1625 486 1655 Domino
508 1621 624 1652 Roberto
639 1645 648 1660 ,
685 1623 875 1663 Coventrienfi
899 1624 932 1655 &
957 1625 1084 1665 Lichenfi
1102 1625 1175 1664 Epi-

108 1672 239 1739 scqlpcgste
268 1705 351 1743 Rege
375 1699 450 1739 apud
484 1698 741 1738 Westmanasterium
764 1722 774 1738 ,
812 1700 955 1731 tricesimo
992 1703 1089 1740 primo
1127 1702 1173 1734 die

108 1748 259 1789 Januarii.

149 1822 282 1855 Andreas
305 1818 403 1856 Clare,
424 1815 571 1853 Clericus,
599 1814 685 1846 Sacre
706 1813 872 1854 Theologie
894 1816 1055 1854 Professor,
1084 1818 1172 1849 habet

109 1861 270 1895 consimiles
300 1858 407 1889 Literas
435 1853 629 1897 Parentes-de
652 1853 856 1897 presentatione
879 1855 914 1885 ad
946 1856 1115 1887 Reeioriam
1135 1857 1171 1888 de

108 1899 255 1932 Ickenham
278 1894 406 1926 Diocefis
430 1893 563 1930 London,
580 1901 640 1930 Jam
662 1893 803 1931 legittime
823 1894 857 1924 δε
874 1893 909 1924 (16
926 1895 986 1931 jure
1001 1904 1172 1934 vacantem,

108 1942 143 1973 &
156 1940 191 1970 ad
206 1935 332 1968 nostram
346 1933 584 1971 presentationem
610 1938 659 1967 per
682 1932 850 1968 pravitatem
872 1931 1019 1971 Simonie,
1041 1933 1097 1964 sive
1123 1944 1173 1973 per

102 1977 232 2016 ,Lapsum
258 1973 394 2013 temporis
415 1972 471 2001 hac
494 1971 559 2000 vice
572 1969 765 2007 spectantcm3
791 1969 828 1999 Et
848 1970 1005 2010 diriguntur
1022 1971 1057 2002 he
1079 1972 1173 2002 Litere

105 2012 289 2048 Reverendo
313 2013 342 2042 in
367 2008 484 2040 Christo
506 2007 580 2038 Patri
601 2007 735 2038 Domino
751 2007 900 2038 Willielmo
918 2033 928 2049 ,
966 2010 1082 2040 London
1105 2010 1172 2049 Epi-

110 2057 231 2124 ·sC91?e(}i:e
249 2090 336 2129 Rege
354 2086 428 2128 apud
448 2083 708 2125 Wstmonallerium
726 2107 737 2123 ,
773 2085 920 2118 tricefimo
934 2087 1031 2126 primo
1047 2087 1093 2120 die
1109 2088 1171 2128 Ja-

112 2134 215 2164 nuarii.

152 2207 259 2242 Daniel
270 2210 382 2244 Smart,
404 2204 550 2242 Clericus,
569 2203 599 2233 in
615 2201 731 2233 Artibus
745 2201 961 2244 Baccalaureus,
981 2205 1067 2237 habet
1082 2204 1177 2237 consi-

115 2250 199 2282 miles
216 2249 324 2279 Literas
338 2245 469 2275 Parentes
483 2243 519 2273 de
538 2242 745 2280 presentatione
769 2242 804 2274 ad
828 2242 999 2274 Rectoriam
1021 2245 1056 2276 de
1081 2245 1182 2276 Oxhill

112 2290 178 2320 alias
192 2284 318 2325 Oxhalfh
328 2308 337 2323 ,
358 2282 486 2314 Diocefis
502 2283 656 2319 Wigornie,
670 2281 732 2319 jam
749 2281 935 2318 legittime&
950 2283 986 2314 de
998 2284 1057 2320 jure
1071 2294 1175 2315 vacan-

110 2335 190 2364 tem,
209 2327 243 2358 &
258 2327 292 2355 ad
308 2321 433 2353 nostram
446 2320 685 2359 presentationem
698 2329 747 2357 per
763 2320 886 2358 Lapsum
903 2323 1042 2360 temporis
1057 2322 1114 2353 five
1128 2334 1178 2361 per

111 2367 282 2405 pravitatem
299 2362 428 2392 Simonie
443 2382 453 2398 ,
469 2359 522 2389 hac
537 2360 603 2390 vice
617 2358 811 2396 spedtantem3
830 2358 867 2389 Et
886 2359 1047 2397 diriguntur
1067 2361 1102 2392 he
1129 2363 1180 2393 Li-

111 2413 172 2436 tere
186 2400 364 2434 Reverendo
377 2400 409 2428 iri
424 2397 543 2429 Christo
559 2397 637 2429 Patri
657 2397 793 2428 Domino
811 2396 941 2435 Johanm'
951 2421 962 2438 ,
987 2402 1126 2437 Wigornie
1141 2400 1181 2432 E-

109 2444 242 2483 piscop0.

151 2480 241 2512 Teste

113 2521 206 2550 nuarii
210 2542 215 2548 .

257 2478 344 2516 Rege
357 2475 433 2514 apud
449 2460 712 2514 Wellmonasterium
729 2497 739 2514 ,
776 2473 920 2506 tricesimo
939 2478 1034 2515 primo
1054 2477 1101 2508 die
1117 2477 1181 2517 Ja-

146 2594 166 2616 *
193 2595 340 2634 Johannes
364 2591 513 2630 Davidge,
538 2590 683 2629 Clericus,
716 2592 746 2622 iri
766 2591 884 2622 Artibus
905 2591 1064 2630 Magister,
1090 2593 1176 2625 habet

114 2634 275 2666 consimiles
290 2633 398 2663 Literas
415 2631 546 2661 Patentes
561 2630 597 2660 de
614 2631 817 2666 presentatione
830 2631 865 2661 ad
881 2630 1022 2661 Vicariam
1036 2631 1072 2661 de
1089 2633 1178 2662 Char-

112 2674 187 2705 leton
202 2671 333 2711 Canfeild
345 2670 408 2699 alias
423 2668 572 2698 charleton
585 2667 749 2707 Clanvilde,
768 2669 897 2700 Diocesis
918 2668 1112 2710 Bathonienfis
1135 2671 1173 2706 (θ’

116 2710 273 2750 lVellensis,
288 2710 349 2747 jam
364 2708 503 2746 legittime
515 2707 548 2737 δε
563 2706 598 2736 de
609 2707 671 2744 jure
683 2717 850 2746 vacantem,
867 2708 900 2745 ὃς
915 2708 949 2738 ad
965 2708 1095 2738 nostram
1111 2719 1177 2747 pre—

108 2751 299 2782 sentationem
323 2756 373 2784 per
396 2745 521 2783 Lapsum
543 2746 680 2783 temporis
701 2746 760 2777 sive
781 2756 830 2783 per
853 2747 1022 2783 pravitatem
1043 2747 1174 2779 Simonie

108 2791 163 2820 hac
188 2788 254 2816 vice
274 2785 475 2821 spectantem,
515 2782 554 2813 Et
580 2782 742 2820 diriguntur
763 2784 798 2814 116
819 2784 916 2814 Litere
943 2784 1114 2816 Reverendo
1142 2789 1172 2817 in

108 2824 229 2858 Christo
250 2822 328 2853 Patri
348 2820 482 2850 Domino
497 2820 635 2850 Willielmo
654 2845 664 2859 ‚
701 2821 881 2862 Bathonienfi
898 2822 936 2858 ὦ·
958 2823 1085 2863 Wllenfi
1100 2825 1173 2863 Epi-

107 2868 241 2935 scquste
256 2899 339 2938 Rege
351 2895 425 2936 apud
439 2894 718 2935 Wstmonasterium‚
746 2899 894 2929 tricesimo
909 2898 956 2930 die
970 2899 1118 2938 Januarff,

148 2978 271 3020 Jacobus
286 2979 355 3014 Boys
365 2997 374 3013 ‚
389 2974 538 3009 Clericus,
551 2972 579 3001 in
596 2973 715 3003 Artibus
729 2971 885 3012 Magister,
906 2974 993 3004 habet
1007 2975 1171 3007 consimiles

111 3019 223 3051 Literas
238 3017 367 3046 Parentes
381 3014 417 3043 de
434 3011 638 3050 presentatione
653 3011 687 3040 ad
702 3010 874 3042 Restm-iam
887 3013 923 3043 de
939 3011 1078 3054 Elmsteed
1096 3014 1172 3045 Djo-

107 3058 177 3089 cesis
190 3055 322 3090 Londmz,
340 3053 399 3090 jam
417 3050 558 3087 legittime
571 3050 603 3079 &
620 3050 656 3079 de
666 3051 727 3088 jure
748 3060 914 3088 vacantem,
939 3053 972 3082 ὃ(
991 3053 1026 3081 ad
1043 3051 1168 3083 nostram

103 3095 343 3135 presentationem
362 3100 410 3126 per
426 3090 474 3119 Lav
489 3089 549 3130 sum
564 3091 700 3131 temporis
715 3089 770 3118 sive
789 3099 837 3127 per
855 3090 1020 3127 pravitatem
1038 3089 1168 3122 Simonie

103 3136 158 3166 hac
171 3135 236 3164 Vlce
253 3130 446 3168 spedafflemi
475 3127 501 3157 ³t
517 3127 676 3164 dlflguflfflr
692 3127 727 3157 he
744 3126 841 3158 Litere
858 3128 1032 3158 Reverendo
1040 3128 1069 3158 in
1078 3127 1168 3160 Chri-

108 3173 153 3204 sto
167 3172 242 3202 Patri
258 3168 394 3200 Domino
410 3163 574 3202 Willielmo,
592 3166 708 3195 London
725 3164 884 3204 Episcopo.

142 3209 233 3242 Teste
248 3207 331 3246 Rege
350 3203 424 3242 apud
439 3202 713 3242 Westmonasterium,
731 3205 812 3235 tertio
830 3205 877 3236 die
893 3204 1045 3235 Februarii,

143 3295 310 3329 Willielmus
335 3294 494 3332 Chapman,
519 3291 667 3330 Clericus,
700 3294 728 3323 in
753 3292 873 3323 Artibus
895 3291 1048 3331 Magister,
1080 3294 1169 3326 habet

104 3336 265 3370 consimiles
288 3335 394 3364 Literas
417 3333 550 3363 Parentes
579 3330 614 3359 de
635 3330 840 3367 presentatione
869 3330 902 3361 ad
932 3331 1099 3362 Rethoriam
1127 3334 1164 3365 de

103 3373 257 3407 Bawdribb
273 3373 337 3402 alias
352 3371 502 3408 Bawdripp
512 3392 521 3407 ‚
539 3368 671 3398 Dioceiis
685 3368 876 3408 Bathonienfis
889 3369 923 3399 &
938 3369 1090 3409 Wellenfis,
1101 3372 1163 3409 jam

101 3413 246 3452 legittime
261 3412 295 3442 &
309 3410 345 3440 de
356 3411 418 3448 jure
437 3415 605 3445 vacantem,
625 3408 708 3438 &ad
725 3408 850 3437 nostram
862 3407 1098 3444 presentationem
1112 3421 1161 3448 per

98 3451 223 3490 Lapsum
238 3451 374 3484 temporis
389 3448 443 3477 sive
460 3457 510 3484 per
528 3447 696 3483 pravitatem
711 3445 856 3484 Simonie,
883 3445 937 3474 hac
953 3447 1019 3477 vice
1033 3447 1161 3485 specstan-

99 3501 183 3527 tem3
200 3488 236 3518 Et
252 3487 407 3524 diriguntur
425 3486 460 3514 he
476 3484 572 3514 Litere
587 3483 760 3514 Reverendo
775 3486 803 3513 in
818 3482 936 3514 Christo
956 3483 1033 3515 Patri
1052 3485 1161 3517 Domi-

103 3540 145 3561 no
161 3525 302 3558 Wllielmo
312 3547 320 3560 ,
338 3521 515 3560 Bathonienfi
528 3523 561 3553 ὅτ
583 3521 707 3561 Wellenfi
718 3521 874 3560 Episcopo.

137 3566 227 3598 Teste
240 3564 324 3602 Rege
338 3563 412 3601 apud
430 3559 705 3600 Wqstmonasterium,
728 3560 846 3591 decimo
868 3560 954 3591 tertio
970 3560 1018 3592 die
1034 3563 1161 3594 Novem-

101 3607 167 3638 bris.

102 3717 108 3722 .
138 3692 294 3727 Rodulphus
307 3688 420 3720 Roberts
430 3709 440 3724 ,
455 3685 600 3722 Clericus,
619 3688 648 3718 in
664 3685 781 3718 Artibus
796 3684 952 3724 Magister,
975 3687 1062 3718 habet
1079 3697 1154 3719 con-

1237 113 1723 180 PUB-LICA.

1210 198 1312 231 similes
1336 202 1441 235 Literas
1461 206 1588 238 Patentes

1207 235 1272 266 ham
1289 239 1418 285 Diocesrs
1429 245 1560 283 London,
1575 247 1635 284 jam
1648 247 1788 284 legittime
1801 250 1834 280 ὃ(
1857 249 1892 281 de
1914 251 1971 285 iure
1990 263 2137 284 vacantem
2172 256 2205 286 &
2223 255 2258 286 ad

1207 275 1337 321 nostram
1353 283 1586 315 presentationem
1602 286 1707 314 ratione
1722 287 1840 317 minoris
1856 290 1935 319 etatis
2145 277 2154 292 ³

1208 321 1285 344 troni
1300 314 1423 348 Ecclesie
1437 319 1472 349 de
1486 322 1620 351 Fordham

1208 362 1244 382 ve
1258 362 1309 390 per
1325 356 1490 391 pravitatem
1506 359 1637 390 Simonie
1652 361 1705 391 hac
1720 363 1782 393 vice
1802 365 1974 401 speciantem
1995 378 2005 404 3

2221 136 2276 182 65

1206 390 1251 466 {12}
1253 392 1361 468 iffigg.
1370 392 1540 426 Reverendo
1553 399 1584 428 in
1598 398 1715 429 Christo
1731 401 1806 432 Patri
1822 402 1959 435 Domino
1974 366 2259 444 Willssltnglrffgffig

1244 467 1334 499 Teste
1353 469 1437 508 Rege
1455 471 1529 509 apud
1548 474 1808 516 Wslmonasterium
1821 502 1832 518 ,

1208 506 1224 535 b
1299 511 1314 515 Δ,
1869 479 1988 512 decimo
2006 482 2126 521 septimo
2143 484 2189 515 die
2205 490 2255 514 Βρ-

1226 517 1322 538 ruarn.

1246 595 1361 640 Thqmas
1372 600 1494 634 caster,
1509 596 1655 635 Clericus,
1676 602 1705 630 in
1720 602 1836 634 Artibus
1848 604 2006 644 Magister,
2023 607 2107 639 habet
2122 613 2258 644 confimi-

1210 633 1248 678 les
1265 635 1370 665 Literas
1385 635 1514 679 Patentes
1529 636 1564 666 de
1579 638 1779 673 presentatione
1801 644 1834 671 ad
1857 645 2000 675 Vicariam
2024 647 2059 676 de
2078 651 2258 688 Donnington

1207 672 1270 703 alias
1284 676 1416 714 Dynton,
1438 674 1566 705 Diocesis
1579 675 1735 714 Lincolnie,
1749 680 1808 715 jam
1823 680 1961 717 legittime
1975 684 2008 714 δε
2022 684 2058 715 de
2076 687 2137 724 jure
2152 699 2256 721 vacan-

1207 719 1267 742 tem
1275 735 1286 750 ,
1304 715 1338 742 ὅ(
1352 713 1386 742 3(1
1400 713 1525 743 nostram
1538 713 1774 750 presentationem
1789 726 1836 753 per
1852 719 1974 757 Lapsum
1985 727 2122 761 temporis
2137 727 2193 758 five
2204 738 2254 766 per

1204 752 1372 788 pravitatem
1387 751 1518 782 Simonie
1533 753 1585 782 hac
1599 753 1663 782 vice
1673 752 1867 793 speetantem;
1888 759 1924 789 Et
1942 760 2097 800 diriguntur
2117 765 2153 795 he
2175 767 2257 797 Lite-

1203 788 1425 856 resReverendo
1439 791 1468 821 in
1487 789 1608 822 Christo
1626 791 1702 822 Patri
1714 792 1851 824 Domino
1869 795 1999 833 Johanm'
2012 823 2022 838 ,
2060 802 2200 834 Lincolnie
2212 805 2255 835 E„

1202 837 1229 867 pi
1243 837 1329 865 copo.

1205 904 1222 934 b
1242 866 1330 913 Teste
1350 865 1432 906 Rege
1452 867 1529 905 apud
1548 866 1810 908 Wellmonasterium
1826 892 1837 908 ,
1874 872 1989 904 decimo
2010 876 2128 915 septimo
2145 881 2193 912 die
2211 885 2262 912 Fe-

1223 915 1319 936 ruam.
2257 917 2260 919 Α

1244 991 1408 1036 Νηῑῖσᾳηὶεί
1421 993 1519 1033 Noffi,
1542 993 1691 1033 Clericus,
1708 996 1738 1026 in
1754 995 1874 1028 Artibus
1886 995 2044 1039 Magister,
2062 1003 2147 1038 habet
2167 1011 2259 1041 confi.

1209 1031 1289 1061 miles
1305 1031 1410 1061 Literas
1430 1033 1559 1063 Patentes
1574 1035 1609 1064 de
1625 1035 1830 1072 presentatione
1846 1037 1887 1068 ,ad
1906 1035 2061 1075 Ecclesiam
2080 1043 2135 1075 five
2155 1047 2197 1078 Ca
2219 1051 2263 1079 el-.

1209 1070 1268 1100 lam
1285 1069 1320 1113 de
1333 1070 1478 1109 Misterton
1494 1071 1622 1103 Diocesis
1637 1073 1826 1113 Bathonienfis
1837 1074 1871 1104 &
1885 1075 2022 1116 Wllenfis
2031 1100 2041 1116 ,
2052 1081 2110 1117 jam
2124 1059 2261 1118 leoitrgoe

1209 1109 1242 1152 &z
1257 1108 1294 1138 de
1301 1119 1364 1152 jure
1381 1119 1547 1153 vacantem,
1565 1112 1598 1142 ὃς
1615 1112 1649 1141 ad
1663 1111 1789 1142 nostram
1799 1112 2034 1150 presentationem
2046 1119 2130 1155 pleno
2140 1109 2199 1159 ji’ire
2215 1125 2260 1156 vel

1209 1148 1304 1184 aliquo
1318 1147 1375 1177 alio
1388 1148 1470 1178 titulo
1486 1149 1678 1187 spe&antem3
1695 1150 1733 1180 Et
1747 1151 1907 1191 diriguntur
1923 1153 1960 1183 he
1976 1153 2070 1186 Litere
2092 1156 2261 1193 Reverendo

1208 1184 1372 1254 iQsChristo
1388 1186 1464 1217 Patri
1482 1187 1616 1218 Domino
1631 1187 1794 1227 Wllielmo,
1818 1191 1995 1231 Bathonienfi
2020 1194 2052 1224 &
2076 1197 2203 1236 Wellenfi
2223 1201 2262 1231 E,

1208 1234 1235 1264 pi
1250 1234 1335 1261 copo.

1211 1302 1227 1332 b
1246 1263 1338 1310 Teste
1360 1264 1442 1302 Rege
1468 1264 1542 1302 apud
1564 1264 1822 1305 westmonasterium
1836 1290 1847 1306 ,
1872 1268 1989 1300 decimo
2010 1270 2136 1309 septimo
2149 1264 2198 1306 'die
2213 1278 2264 1307 Fe-

1228 1312 1326 1332 ruaru.

1247 1379 1381 1424 Robertps
1394 1380 1513 1418 Sparke‚
1528 1380 1676 1423 Clericus,
1692 1381 1778 1413 habet
1793 1384 1954 1416 confimiles
1970 1385 2077 1418 Literas
2092 1388 2222 1422 Patentes
2229 1391 2267 1423 de

1209 1419 1411 1456 presentatione
1432 1419 1467 1449 ad
1491 1419 1656 1450 Rectoriam
1680 1422 1775 1450 Sam‘li
1796 1422 1885 1452 olavi
1908 1425 1937 1453 in
1959 1424 2083 1456 Civitate
2100 1429 2133 1459 &
2148 1429 2267 1462 Dioceli

1209 1457 1334 1496 Exonie,
1360 1458 1419 1494 jam
1434 1457 1561 1495 legitime
1579 1460 1612 1489 ὃς
1627 1459 1663 1488 (16
1674 1459 1739 1496 jure
1752 1469 1923 1500 vacantem,
1941 1464 1974 1493 &
1995 1465 2028 1494 ad
2049 1465 2176 1496 nostram
2199 1478 2264 1508 pre-

1207 1495 1395 1526 sentationem
1411 1506 1459 1533 per
1475 1497 1598 1534 Lapsum
1614 1499 1750 1536 temporis
1765 1499 1817 1528 hac
1834 1501 1898 1530 vice
1919 1500 2108 1542 spectantem,
2137 1505 2176 1536 Et
2197 1507 2267 1537 diri-

1210 1543 1317 1571 guntur
1335 1535 1369 1564 he
1392 1535 1486 1566 Litere
1509 1536 1682 1567 Reverendo
1695 1537 1724 1566 in
1739 1535 1859 1568 Christo
1880 1538 1956 1569 Patri
1972 1539 2105 1572 Domino
2127 1542 2247 1584 Josepho

1210 1574 1319 1603 Exonie
1333 1573 1486 1612 Episcopo.
2253 1569 2266 1585 ³

1246 1612 1334 1643 Teste
1350 1612 1433 1651 Rege
1448 1613 1522 1651 apud
1537 1611 1810 1652 westmonasterium,
1829 1615 1968 1646 vicesimo
1981 1616 2026 1647 die
2042 1618 2194 1652 Februarii.

1247 1691 1384 1718 Henricus
1400 1690 1546 1727 Bodurda,
1566 1688 1711 1727 Clericus,
1730 1691 1759 1720 in
1775 1691 1891 1722 Artibus
1908 1692 2063 1733 Magister,
2088 1697 2176 1728 habet
2190 1707 2266 1730 con-

1211 1727 1313 1757 similes
1328 1729 1434 1758 Literas
1450 1728 1577 1759 Parentes
1591 1728 1626 1758 de
1642 1729 1846 1765 presentatione
1869 1731 1904 1761 ad
1929 1731 2098 1764 Rectoriam
2120 1735 2156 1766 de
2178 1737 2270 1768 Llan-

1203 1764 1320 1809 frothen
1335 1765 1465 1796 Diocesis
1479 1770 1606 1804 Bangor,
1627 1777 1674 1803 per
1690 1777 1812 1797 mortem
1825 1769 1919 1799 ultimi
1942 1769 2141 1803 Incumbentis
2160 1775 2269 1807 ibidem

1207 1814 1268 1842 Jam
1286 1812 1452 1840 vacantem,
1471 1806 1504 1835 δε
1527 1805 1561 1834 ad
1585 1805 1711 1835 nostram
1730 1806 1964 1843 presentationem
1988 1811 2096 1841 ratione
2117 1815 2273 1846 vacationis

1210 1843 1288 1872 Sedis
1301 1843 1473 1881 Episcopalis
1487 1847 1616 1880 Bangor,
1635 1852 1766 1881 tempore
1780 1847 1935 1876 vacationis
1961 1846 2098 1879 Rectorie
2119 1850 2154 1880 de
2178 1853 2271 1883 Llan-

1201 1879 1320 1919 frothen
1341 1883 1495 1921 predicis,
1512 1882 1563 1911 hac
1585 1883 1649 1912 vice
1675 1882 1865 1921 spectnmem,
1890 1886 1923 1914 ὃς
1944 1885 2102 1924 diriguntur
2122 1889 2158 1919 116
2180 1890 2274 1923 Litere

1209 1920 1383 1951 Reverendo
1406 1922 1435 1950 in
1460 1920 1580 1951 Christo
1602 1919 1678 1950 Patri
1693 1920 1829 1951 Domino
1850 1922 1999 1954 Edmundo
2018 1948 2029 1964 ,
2064 1929 2177 1965 Bangor
2203 1929 2275 1970 Epi-

1208 1959 1308 1996 scopo.

1217 2036 1234 2067 b
1246 1997 1335 2044 Teste
1352 1997 1433 2037 Rege
1451 1997 1525 2037 apud
1545 1996 1806 2036 Westmonaslerium
1827 2022 1837 2038 ‚
1874 2001 2011 2032 vicesimo
2036 2012 2137 2042 quarto
2154 2005 2200 2038 die
2222 2010 2274 2038 Fe-

1237 2047 1336 2068 ruarn.

1255 2115 1275 2136 ’1²
1297 2115 1457 2146 Benedicfius
1473 2116 1577 2154 (ἔναιε,
1597 2114 1746 2155 Clericus,
1763 2113 1848 2147 habet
1864 2115 2027 2152 confimiles
2044 2119 2150 2153 Literas
2172 2123 2276 2157 Paten-

1215 2161 1255 2185 tes
1267 2154 1303 2185 de
1317 2155 1520 2192 presentatione
1535 2155 1569 2185 ad
1586 2154 1729 2185 Vicariam
1746 2155 1803 2185 sive
1819 2155 1968 2194 Capellam
1983 2159 2020 2188 de
2032 2160 2110 2189 Brill
2120 2162 2184 2192 alias
2199 2166 2272 2194 Bre-

1215 2193 1277 2223 hall
1289 2203 1359 2224 cum
1374 2193 1466 2223 Little
1482 2194 1597 2223 London
1615 2192 1747 2224 Diocefis
1767 2194 1926 2232 Lincolnie,
1940 2196 2000 2234 jam
2022 2196 2162 2236 legittime
2184 2201 2218 2231 &
2239 2203 2276 2234 de

1211 2233 1274 2271 jure
1287 2240 1453 2271 vacantem,
1471 2232 1504 2262 &
1518 2231 1552 2262 ad
1568 2231 1695 2262 nostram
1712 2232 1945 2269 presentationem
1970 2235 2055 2272 pleno
2073 2237 2136 2274 jure
2152 2239 2208 2270 sive
2226 2252 2277 2279 per

1215 2269 1341 2310 Lapsum
1357 2271 1493 2309 temporis
1507 2293 1516 2309 ‚
1533 2270 1589 2301 sive
1603 2271 1699 2308 aliquo
1714 2271 1768 2300 alio
1783 2280 1956 2311 quocunque
1975 2274 2068 2304 modo
2082 2275 2254 2312 specstantem
2269 2293 2275 2298 -

1214 2310 1252 2340 Et
1267 2310 1423 2348 diriguntur
1441 2310 1476 2340 he
1495 2309 1586 2340 Litere
1602 2309 1773 2340 Reverendo
1787 2311 1817 2340 in
1832 2309 1949 2341 Christo
1964 2310 2040 2342 Patri
2062 2314 2197 2346 Domino
2217 2304 2279 2356 Jo-’

1216 2348 1303 2378 hanni
1314 2370 1323 2384 ,
1337 2348 1476 2378 Lincolm'e
1495 2347 1649 2385 Episcopo.

1253 2387 1342 2432 Teste
1365 2387 1448 2426 Rege
1470 2387 1545 2425 apud
1569 2385 1858 2425 westmonasterium,
1876 2387 2013 2420 vicesimo
2037 2391 2133 2428 primo
2155 2393 2201 2425 die
2216 2394 2280 2433 Ja-

1218 2435 1320 2456 Duaru-

1254 2501 1370 2532 Thomas
1384 2503 1479 2540 Read,
1495 2502 1640 2540 Clericus,
1660 2501 1748 2532 Sacre
1759 2501 1928 2540 Theologie
1951 2502 2167 2546 Baccalaureus,
2193 2506 2279 2542 habet

1217 2542 1376 2572 consimiles
1394 2542 1502 2571 Literas
1514 2541 1644 2572 Patentes
1658 2541 1693 2570 de
1709 2540 1912 2577 presentatione
1924 2543 1958 2572 ad
1978 2544 2119 2575 vicariam
2143 2547 2179 2577 de
2202 2551 2279 2578 Rat-

1216 2580 1287 2618 clt'ffi’
1297 2581 1362 2610 alias
1379 2580 1470 2610 Ratcli
1493 2592 1507 2609 e
1516 2580 1596 2618 fitper
1611 2580 1726 2609 PVreake
1747 2580 1778 2609 in
1805 2580 1921 2610 Diocesi
1944 2582 2100 2621 ancolim,
2124 2595 2172 2622 per
2197 2596 2277 2618 mor-

1214 2627 1273 2649 tem
1297 2620 1389 2649 ultimi
1413 2618 1608 2648 incumbentis
1630 2618 1738 2647 ibidem
1758 2618 1817 2655 jam
1838 2628 1987 2649 vacantem
2005 2644 2013 2658 ,
2040 2622 2072 2651 ὃ(
2094 2624 2127 2652 ad
2149 2624 2278 2656 nostram

1214 2657 1453 2694 presentationem
1477 2658 1560 2693 pleno
1579 2658 1640 2695 jure
1661 2656 1860 2694 spectantem3
1892 2657 1929 2687 Et
1951 2660 2112 2696 diriguntur
2128 2662 2163 2692 116
2174 2659 2280 2696 'Litere

1215 2696 1390 2727 Reverendo
1404 2697 1434 2726 in
1450 2694 1570 2726 Christo
1584 2695 1661 2726 Patri
1684 2693 1820 2725 Domino
1847 2695 1977 2734 Johanni
1998 2719 2008 2734 ,
2046 2699 2187 2729 Lincolnie
2208 2700 2280 2741 Epi.

1213 2738 1340 2804 icqlpgste
1356 2772 1441 2811 Rege
1454 2771 1528 2811 apud
1543 2770 1806 2812 Westmonasterium
1817 2794 1826 2810 ,
1843 2772 2001 2803 undecimo
2022 2773 2068 2804 die
2084 2777 2202 2808 Martii.

1249 2850 1365 2880 Thomas
1376 2849 1511 2887 Balbai»,
1525 2848 1656 2879 Clericus
1667 2872 1676 2886 ,
1690 2849 1718 2878 in
1734 2849 1850 2878 Artibus
1865 2848 2000 2886 Magister
2010 2872 2020 2887 ,
2039 2850 2124 2881 habet
2137 2853 2273 2885 consimi-

1212 2889 1251 2920 les
1266 2889 1374 2920 Literas
1390 2889 1518 2919 Patentes
1531 2889 1567 2917 de
1583 2887 1786 2924 presentatione
1799 2887 1832 2915 ad
1849 2886 2017 2916 Rectoriain
2033 2889 2068 2918 dc
2083 2890 2162 2918 Stoke
2176 2892 2272 2923 chm-

1211 2936 1240 2964 ty
1256 2929 1320 2957 alias
1335 2926 1391 2956 Old
1404 2927 1502 2964 stoke,
1522 2925 1653 2955 Diocelis
1677 2926 1836 2961 Wintonie,
1860 2925 1919 2960 jam
1940 2926 2075 2963 legittime
2097 2929 2130 2958 ὅ(
2153 2929 2189 2960 (16
2208 2932 2271 2968 jure

1208 2974 1376 3001 vacantem,
1395 2965 1427 2994 ὅ(
1443 2964 1477 2994 3(1
1495 2963 1619 2993 nostram
1636 2963 1872 2999 presentationem
1888 2972 1937 2999 per
1950 2965 2116 3000 pravitatem
2138 2967 2270 3001 Simonie

1206 3005 1263 3034 sive
1279 3014 1328 3040 per
1346 3001 1466 3040 L.ipsum
1482 3002 1618 3040 temporis
1633 3002 1684 3030 hac
1701 3002 1764 3031 vice
1779 3000 1969 3039 spectantem,
1990 3001 2029 3031 Et
2051 3005 2206 3043 diriguntur
2230 3009 2267 3038 he

1207 3042 1304 3111 &teste
1317 3039 1490 3072 Reverendo
1505 3041 1535 3069 in
1559 3037 1679 3069 Christo
1703 3039 1778 3069 Patri
1800 3038 1937 3069 Domino
1961 3039 2103 3080 Waltero,
2127 3045 2268 3077 lVintonie

1255 3090 1313 3110 ico
1334 3090 1362 3110 0.

1236 3089 1333 3151 Esestg
1346 3117 1429 3156 Rege
1444 3116 1519 3154 apud
1534 3114 1814 3155 Wstmonasterium,
1841 3115 1915 3147 sexto
1934 3116 1980 3148 die
1996 3120 2109 3150 Martii.

1246 3195 1356 3236 Cofinus
1378 3193 1549 3231 Maddocks,
1567 3191 1716 3235 Clericus,
1734 3193 1763 3222 in
1781 3192 1895 3224 Artibus
1912 3192 2066 3234 Magister,
2094 3196 2179 3227 habet
2194 3208 2269 3230 con·

1204 3235 1306 3266 similes
1321 3234 1426 3265 Literas
1443 3233 1572 3262 Parentes
1584 3231 1621 3261 de
1629 3232 1831 3270 presentatione
1846 3232 1880 3262 ad
1899 3232 2042 3263 Vicari'am
2060 3235 2095 3264 de
2109 3235 2262 3273 Idaea-sleh-

1203 3273 1334 3304 Diocesis
1361 3274 1515 3307 Wintonie,
1536 3270 1596 3307 jam
1614 3269 1750 3310 legittime
1773 3270 1806 3299 ὃς
1827 3270 1863 3300 (16
1883 3270 1945 3308 jure
1969 3282 2136 3310 vacantem,
2170 3276 2202 3304 ὃς
2226 3276 2262 3308 ad

1201 3312 1328 3343 nostram
1340 3309 1573 3348 presentationem
1588 3318 1636 3345 per
1653 3308 1772 3344 Lapium
1789 3312 1926 3346 temporis
1949 3310 2004 3339 sive
2025 3321 2068 3339 Δ161
2089 3313 2259 3347 pravitatem

1200 3351 1329 3382 Simonie
1344 3351 1396 3379 hac
1409 3349 1473 3378 vice
1487 3346 1680 3387 speciantem3
1694 3346 1730 3376 Et
1743 3345 1901 3385 diriguntur
1915 3349 1950 3377 he
1971 3347 2062 3378 Lit.·i·e
2080 3349 2255 3384 Reverendo

1198 3391 1230 3420 in
1245 3386 1363 3419 Christo
1378 3386 1453 3417 Patri
1470 3385 1604 3415 Domino
1619 3386 1737 3414 waltero
1747 3407 1756 3422 ,
1778 3387 1915 3415 Wntonie
1931 3385 2081 3423 Episcopo,

1233 3426 1324 3458 Teste
1337 3426 1419 3465 Rege
1430 3423 1503 3462 apud
1518 3423 1793 3464 Westmonallerium,
1810 3424 1926 3454 decimo
1941 3432 1987 3453 uie
2011 3428 2122 3456 Ai'artii.

1233 3506 1393 3535 Vincentius
1407 3500 1505 3540 Pearfi’
1514 3525 1523 3539 ‚
1542 3500 1671 3531 Clericus
1680 3519 1690 3535 ‚
1710 3499 1793 3542 Sacre
1807 3500 1978 3543 Theologtie
1993 3501 2154 3541 Proressor,
2165 3505 2251 3537 habet

1194 3542 1354 3574 consimiles
1367 3542 1468 3571 Literas
1482 3540 1611 3570 Patentes
1626 3539 1661 3569 de
1676 3541 1878 3575 presentatione
1894 3540 1928 3568 ad
1946 3539 2116 3571 Ree'turiain
2132 3546 2167 3572 de
2186 3546 2250 3572 Wi-

1193 3579 1352 3620 thersfeild,
1371 3578 1503 3610 Diocelis
1521 3577 1702 3616 Norwicensis
1712 3601 1721 3613 ,
1738 3587 1798 3614 jam
1814 3577 1952 3615 legittime
1966 3578 1998 3608 δε
2018 3580 2054 3609 (16
2063 3582 2126 3617 jure
2142 3591 2247 3612 vican-

1191 3629 1269 3657 tem,
1285 3621 1318 3651 &
1331 3619 1366 3650 ad
1383 3617 1510 3648 nostram
1527 3617 1759 3656 presentationem
1778 3624 1826 3652 per
1843 3616 1966 3653 Lapsuin
1981 3625 2115 3655 temporis
2129 3618 2185 3649 sive
2195 3630 2245 3657 per

1190 3661 1357 3698 pravitatem
1371 3656 1518 3691 Simonie,
1536 3656 1588 3685 hac
1607 3657 1670 3685 vice
1684 3653 1873 3690 spectantem,
1891 3653 1926 3684 Et
1940 3656 2099 3690 diriguntur
2115 3657 2149 3687 he
2165 3658 2245 3689 Lite-

1189 3709 1218 3729 re
1238 3696 1409 3728 Reverendo
1424 3695 1454 3724 in
1469 3693 1587 3724 Christo
1602 3693 1678 3723 Patri
1694 3694 1826 3722 Domino
1842 3694 1970 3731 Ricardo,
1993 3694 2164 3734 Norwicerfi
2174 3695 2246 3736 Epi-

98 3731 202 3762 similes
217 3731 326 3761 Literas
346 3728 472 3757 Parentes
488 3725 523 3754 de
539 3724 739 3762 presentatione
753 3725 788 3754 ad
811 3725 981 3756 Recioriam
1002 3727 1038 3755 de
1060 3727 1152 3768 Coaley
1184 3737 1273 3773 scopo

98 3769 233 3800 Diocefis
254 3766 428 3806 Glauce-[brim
449 3773 497 3802 per
524 3763 694 3794 Ceffionem
711 3763 804 3793 ultimi
826 3762 1023 3795 Incumbentis
1042 3765 1152 3797 ibidem

94 3809 155 3847 jam
170 3816 318 3837 vacantem
328 3829 337 3842 ,
354 3806 385 3834 ὃ(
400 3804 432 3833 ad
450 3801 576 3832 nostram
591 3801 824 3838 presentationem
838 3803 922 3838 pleno
939 3802 1002 3840 jure
1028 3803 1156 3841 {peritan-

99 3856 179 3883 tem3
199 3844 236 3874 Et
251 3844 407 3883 diriguntur
422 3842 458 3871 he
476 3841 572 3871 Litere
590 3839 763 3870 Reverendo
776 3840 806 3869 in
820 3839 939 3870 Christo
955 3840 1031 3871 Patri
1046 3841 1155 3874 Domi-

98 3895 140 3918 no
155 3881 308 3922 Godfrido,
321 3880 478 3919 Gloucestrie
496 3878 650 3916 Episcopo.

137 3921 228 3955 Teste
245 3920 327 3958 Rege
339 3921 412 3958 apud
428 3916 703 3957 Westmonasterium,
720 3915 889 3947 decimodie
902 3916 1052 3948 Februarii.

1220 3773 1310 3805 Teste
1326 3772 1409 3812 Rege
1422 3771 1497 3809 apud
1511 3768 1783 3810 Wqstmonaslericum
1792 3791 1801 3806 ‚
1819 3769 1936 3800 decimo
1948 3770 2068 3808 septimo
2075 3772 2120 3802 die
2128 3773 2244 3805 Martii.

1223 3849 1372 3890 Jervafius
1396 3847 1501 3885 Sleigh‚
1525 3846 1671 3885 Clericus,
1685 3846 1733 3883 ,A-
1755 3844 1801 3875 M.
1819 3846 1903 3876 habet
1926 3848 2031 3878 Literas
2045 3847 2179 3880 Parentes
2196 3850 2235 3882 de

1186 3891 1389 3928 present-atione
1403 3887 1437 3916 ad
1452 3886 1619 3916 Rectoriam
1634 3886 1669 3915 de
1681 3884 1826 3928 Radborne
1843 3885 1972 3915 Diocelis
1984 3887 2183 3928 coventriensi}
2196 3889 2237 3925 &-

1186 3928 1340 3966 Lichenfis,
1353 3927 1414 3964 jam
1430 3925 1568 3963 legittime
1581 3924 1615 3955 ὃς
1627 3924 1665 3966 de
1675 3933 1738 3960 Jure
1753 3932 1919 3960 vacantem,
1936 3924 1969 3953 &
1986 3924 2021 3954 ad
2036 3925 2163 3957 nostram
2171 3937 2235 3964 pre-

1184 3968 1371 3998 sentationem
1386 3965 1495 3993 ratione
1502 3962 1651 3999 Utlagarie
1663 3961 1796 3999 Jermam
1812 3961 1891 3990 Poole
1908 3961 2088 3999 Militis,srve
2102 3972 2150 4001 per
2158 3965 2237 4004 Lap-

119 4010 267 4053 Johannes
284 4005 404 4045 Alfhpp‚
431 4007 584 4046 Clericus,
610 4006 640 4037 in
661 4003 784 4036 Artibus
801 4002 964 4043 Magister,
983 4005 1068 4038 habet
1087 4015 1163 4038 con·
1180 4005 1242 4037 sum
1256 4004 1394 4043 temporis
1407 4001 1464 4035 five
1483 4010 1533 4039 Fer
1553 4001 1718 4040 Praviffloem
1739 3999 1868 4031 Simonie
1884 3999 1937 4032 hac
1959 4001 2026 4034 vice
2044 4001 2234 4042 spes-tamem·

137 4053 212 4088 Tam,
226 4049 311 4080 VIII.
328 4047 363 4076 P.
379 4047 431 4076 IV.

1640 4037 1659 4068 ,Ι
2229 4052 2242 4073 t

1611 208 1646 239 de
1667 209 1867 246 presentatione
1886 212 1921 243 ad
1944 211 2113 245 ReEtoriam
2129 215 2164 247 de
2180 216 2264 246 Ford-
2281 220 2357 252 Arm.
2373 220 2418 256 D:

2318 261 2387 299 633.

1704 324 1708 328 μ
1798 326 1806 331 ἱ
1951 291 2083 322 Willielmi
2096 292 2185 323 Abell
2203 293 2256 324 Pa-
2274 303 2326 328 An.
2345 307 2377 332 9.

1633 323 1773 362 1116611613,
1789 329 1845 356 live
1859 337 1905 364 per
1930 327 2049 364 Lapsum
2069 333 2205 369 temporis
2222 332 2257 362 fi-
2271 341 2335 367 Car.
2347 346 2373 373 i,

2310 2145 2330 2166 ¹*
2345 2147 2427 2176 XIX.

2331 2194 2395 2222 539-
