2536 4255
71 205 152 238 Ann.
165 200 212 234 D.

96 243 185 275 1628.

78 289 133 312 An.
146 293 174 316 4.

78 327 142 350 Car.
161 330 185 347 ι.

80 364 129 391 No,
148 367 196 394 50.

83 524 132 551 Na.
150 527 197 555 49.

85 833 133 858 No.
155 827 203 864 48.

89 1194 139 1221 No.
155 1199 202 1226 47.

91 1510 140 1536 No.
160 1506 206 1542 46.

92 1858 207 1891 ⁰xlx.

94 1910 141 1937 52.

95 1944 146 1969 No.
160 1947 209 1976 45.

96 2172 147 2200 No·
166 2177 216 2206 44.

100 2480 151 2506 No.
168 2485 216 2513 43.

123 3414 170 3443 Na,
191 3418 238 3447 42.

129 3760 179 3786 Na.
198 3761 245 3792 4,st

223 133 273 176 32
645 98 1298 151 coNvENTioN

265 200 450 241 Humphridus
473 196 631 235 Saunium,
659 195 805 231 Clericus,
830 194 867 238 iri.
880 193 999 225 Artibus
1022 191 1178 233 Magister,
1202 193 1290 225 habet

228 242 389 274 consimiles
407 240 512 269 Literas
526 237 655 268 Parentes
672 235 708 265 de
721 234 927 272 presentatione
940 233 976 276 ’ad
986 231 1167 265 prebendam
1181 233 1217 264 de
1224 237 1294 263 Cut-

230 290 279 312 ton
294 278 422 310 Diocesis
443 279 569 313 Exoni'e,
585 275 645 313 jam
668 274 808 313 legittime
830 273 864 304 &
883 272 920 302 de
933 281 997 310 Jure
1019 281 1185 310 vacantem,
1203 273 1237 302 &
1259 270 1295 300 ad

230 319 355 350 nostram
370 316 605 356 presentationem
620 323 668 351 per
682 313 852 351 pravitatem
867 310 988 341 simonie
1009 311 1062 341 hac
1079 312 1145 342 vice
1167 311 1295 348 specstan-

232 368 310 394 tenu
330 357 362 386 &
375 355 534 393 diriguntur
546 355 584 384 he
600 353 694 383 Litere
709 349 885 382 Reverendo
899 351 929 381 in
938 348 1059 381 Christo
1067 349 1144 381 Patri
1157 350 1295 380 Domino

231 394 366 435 Jostpho,
386 395 495 422 Exonie
512 392 665 430 Episcopo.

271 432 361 465 Teste
377 431 460 471 Rege
476 432 549 471 apud
566 427 825 469 Wstmonasterium
835 450 845 468 ,
862 427 980 459 decimo
994 427 1073 458 sexto
1089 426 1135 457 die
1145 426 1297 457 Februarii.

271 510 457 551 Humphridus
474 512 647 550 Hardwike,
675 509 826 547 Clericus,
843 508 929 539 habet
950 507 1111 538 consimiles
1135 506 1244 537 Literas
1264 505 1300 536 de

234 551 441 590 present-atione
452 553 486 581 :id
504 551 670 581 Rectoriam
681 549 786 580 SaniSte
801 551 896 578 Mario
907 548 948 576 W
950 550 1024 576 itton
1039 545 1171 576 Diocesis
1188 545 1229 574 W
1231 548 1302 581 igor-

235 589 347 630 mozfis,
368 599 417 627 per
432 589 600 620 Cessionem
619 590 713 621 ultimi
726 587 921 618 Incumbentis
937 585 1046 615 ibidem
1059 586 1115 621 jam
1132 593 1301 627 vacantem,

235 631 268 660 ὃ(
284 630 316 658 ad
336 628 460 659 nostram
475 629 712 668 presentationem
723 627 809 664 pleno
820 626 877 663 jure
893 624 1085 660 spectantem,
1101 622 1302 661 &diriguntur

234 668 273 698 he
290 667 384 698 Litere
402 667 577 699 Reverendo
595 669 625 698 in
642 665 763 697 Christo
780 663 854 695 Patri
869 662 1005 693 Domino
1025 660 1170 700 Johanm',
1191 663 1305 699 Wigor-

234 706 324 745 nienfi
335 706 492 744 Episcopo.
1033 740 1038 744 ·

270 744 359 777 Teste
374 745 456 784 Rege
469 744 543 784 apud
557 742 840 785 Wstmonasterium‚
859 739 999 771 vicesimo
1010 739 1055 770 die
1068 737 1220 768 Februarii.

270 826 383 857 Samuel
395 825 513 865 Nowel,
532 824 677 862 Clericus,
695 826 723 854 in
742 823 857 854 Artibus
871 819 1026 857 Magister,
1048 818 1135 849 habet
1143 817 1304 862 consimiles

234 864 343 896 Literas
361 866 489 896 Patentes
501 866 536 895 de
554 864 759 901 presentatione
776 862 810 893 ad
840 860 1009 902 Rectoriarn
1029 858 1065 888 de
1087 856 1223 901 lilaifhild
1242 857 1306 887 alias

235 903 358 942 Maofeil
370 904 499 935 Diocelis
517 901 718 941 Caveritri'enfis
738 901 775 935 &³
802 898 957 937 Lichenfis‚
972 907 1032 935 jairi
1060 897 1196 934 legittime
1216 896 1249 926 &
1269 897 1305 926 de

230 944 294 982 jure
310 953 473 980 vacantem,
494 943 525 973 ὃς
542 943 575 972 ad
595 940 719 971 nostram
735 939 966 977 presentationem
986 944 1034 973 per
1051 934 1173 972 Lapsum
1189 944 1306 972 tempo-

236 983 271 1012 ris
294 982 347 1012 liae
371 983 435 1012 vice
455 982 647 1019 spectantem
664 980 696 1009 ὃς
718 978 873 1016 diriguntur
896 976 934 1006 he
961 974 1056 1005 Litere
1080 973 1257 1004 Reverendo
1274 974 1304 1004 in

235 1019 355 1051 Christo
370 1021 446 1051 Patri
464 1020 599 1051 Domino
616 1017 731 1056 Thome,
748 1012 941 1055 coventriensi
958 1012 996 1047 &³
1011 1011 1137 1051 Lirhenfi
1150 1012 1303 1050 Episcopo.

276 1059 367 1090 Teste
393 1060 475 1099 Rege
497 1058 569 1097 apud
589 1054 868 1097 tl'istmonasteri‘um,
883 1052 1023 1085 vicesimo
1044 1051 1165 1091 septimo
1186 1051 1233 1082 die
1252 1055 1306 1082 Fe-

241 1098 354 1129 bruari'i.

274 1179 432 1218 Radulphus
449 1176 592 1215 Kinaston,
613 1173 758 1212 Clericus,
774 1174 803 1203 in
822 1172 938 1204 Artibus
953 1171 1112 1211 Magister,
1131 1172 1216 1203 habet
1231 1181 1306 1203 con-

239 1218 341 1249 similes
360 1219 463 1249 Literas
481 1216 611 1247 Patentes
626 1215 662 1245 de
674 1214 878 1251 presentatione
893 1212 926 1242 ad
943 1211 1086 1242 Vicariam
1105 1211 1140 1241 de
1155 1210 1305 1250 Kinnerley

240 1257 369 1288 Diocesis
385 1254 576 1295 Affaphmfis,
595 1263 643 1292 per
658 1254 873 1292 resignationem
888 1250 1184 1281 ultimilnciimbentis
1197 1249 1305 1280 ibidem

236 1296 296 1333 jam
314 1305 480 1332 vacantem,
498 1296 531 1326 ὅ(
543 1294 577 1323 ad
593 1291 720 1323 nostram
739 1290 973 1328 presentationem
990 1289 1074 1325 pleno
1097 1289 1158 1323 iure
1175 1288 1305 1325 spectan-

239 1343 320 1373 tem,
339 1336 370 1365 ἃ
385 1335 545 1373 diriguntur
561 1331 597 1361 he
612 1332 706 1362 Litere
725 1329 898 1361 Reverendo
912 1330 940 1359 in
957 1328 1076 1360 Christo
1086 1327 1162 1359 Patri
1173 1327 1307 1358 Domino

245 1373 394 1413 Johanm',
413 1370 579 1410 Affaphenfi
591 1370 747 1408 Episcopo.

279 1412 367 1443 Teste
385 1411 470 1450 Rege
482 1411 556 1448 apud
572 1407 849 1450 Wefimonasteri'um,
867 1406 945 1439 sexto
959 1405 1005 1437 die
1030 1407 1146 1436 Martii.

279 1490 442 1522 Williehnus
456 1487 618 1529 Ifiiaclffon,
629 1488 760 1521 Clericus
770 1511 779 1527 ,
796 1490 825 1519 in
837 1487 952 1518 Artibus
961 1484 1119 1525 Magister,
1139 1484 1225 1516 habet
1238 1494 1313 1516 con-

241 1531 341 1562 similes
360 1530 466 1560 Literas
480 1529 608 1560 Potentes
623 1529 659 1558 de
675 1528 878 1567 presentatione
895 1525 929 1555 ad
947 1523 1115 1555 Rectoriam
1132 1524 1229 1554 Sancti
1242 1527 1311 1554 An-

242 1570 304 1601 hee
316 1571 395 1607 juxta
418 1567 553 1599 Castrum
568 1567 604 1596 de
618 1567 764 1607 Baynards
779 1566 848 1596 infra
863 1563 1023 1595 Civitatem
1043 1562 1161 1593 London
1182 1562 1314 1594 Diocesis

240 1608 374 1647 London,
391 1617 438 1645 per
459 1616 583 1637 mortem
603 1606 694 1635 ultimi
711 1604 911 1636 incumbentis
929 1603 1038 1633 ibidem
1055 1604 1113 1640 jam
1142 1611 1310 1640 vacantem,

240 1650 273 1679 &
291 1649 325 1678 ad
344 1647 474 1678 nostram
493 1645 726 1683 presentationem
746 1644 832 1680 pleno
846 1642 910 1680 jure
929 1641 1123 1678 speciantem3
1143 1641 1313 1680 &dirigun-

240 1695 285 1718 tur
311 1687 349 1717 he
378 1685 474 1716 Litere
498 1682 672 1716 Reverendo
690 1684 721 1714 in
741 1682 862 1714 Christo
883 1680 961 1711 Patri
988 1679 1123 1711 Domino
1148 1679 1312 1719 Willielmo,

248 1725 364 1757 London
382 1724 536 1763 Episcopo.

283 1764 373 1796 Teste
389 1763 472 1803 Rege
487 1761 561 1801 apud
575 1758 835 1801 iVellmonasterium
844 1780 855 1797 ,
872 1757 989 1790 decimo
1003 1767 1084 1788 nono
1098 1756 1145 1788 die
1159 1759 1275 1789 Martii.

284 1846 304 1865 *²
324 1843 450 1875 Michael
464 1845 616 1881 Wigmore,
633 1840 781 1879 Clericus,
799 1841 829 1870 iri
845 1839 961 1870 Artibus
971 1837 1127 1876 Magister,
1147 1837 1316 1871 habetcon-

247 1885 349 1916 similes
366 1884 472 1914 Literas
486 1882 618 1913 Patentes
631 1882 666 1912 de
683 1880 888 1920 presentatione
901 1879 935 1909 ad
957 1878 1131 1909 Re&oriam
1147 1877 1184 1908 de
1199 1878 1316 1909 Thores-

246 1934 309 1962 way
324 1921 456 1953 Diocesis
473 1920 631 1959 Lincolnie,
647 1930 695 1958 per
703 1918 869 1950 Ceffionem
886 1918 980 1948 ultimi
995 1917 1193 1948 Incumbentis
1206 1918 1314 1949 ibidem

241 1964 302 2002 jam
320 1969 489 1998 vacantem,
508 1961 540 1990 &
560 1961 594 1990 a]
614 1959 740 1990 nostram
759 1957 994 1995 presentationem
1010 1957 1096 1993 pleno
1107 1957 1172 1995 jure
1186 1955 1317 1994 spetian-

246 2010 323 2037 tem·,
343 2002 377 2032 &
397 1999 554 2038 diriguntur
573 1999 608 2028 lie
629 1999 727 2029 Licere
745 1996 920 2028 Reverendo
936 1997 966 2027 in
986 1994 1105 2026 Christo
1120 1995 1195 2026 Patri
1208 1994 1319 2026 Domi-

250 2050 290 2071 no
309 2038 456 2077 Johanm',
475 2037 613 2067 Lincolnie
632 2036 787 2075 Episcopo.

288 2077 378 2110 Teste
395 2077 477 2117 Rege
494 2076 567 2116 apud
587 2075 847 2117 Westmonasterium
862 2097 873 2114 ,
896 2074 1016 2106 decimo
1032 2083 1115 2105 nono
1140 2073 1186 2105 die
1205 2076 1321 2105 Martii.

285 2159 435 2199 Johannes
445 2161 548 2197 Hunt,
567 2156 713 2195 Clericus,
731 2158 761 2187 in
782 2156 900 2188 Artibus
925 2154 1064 2197 Magister
1079 2178 1088 2194 ,
1114 2156 1201 2187 habet
1220 2156 1316 2187 consi·

246 2201 328 2230 miles
348 2199 457 2229 Literas
476 2197 605 2227 Patentes
628 2197 664 2228 de
681 2196 885 2235 presentatione
902 2195 937 2227 ad
954 2195 1126 2226 Rectoriam
1145 2196 1181 2226 de
1202 2194 1317 2225 Loxho-

246 2250 277 2269 re
305 2237 435 2268 Diocesis
460 2238 585 2273 Exonie,
606 2236 668 2274 jam
692 2236 830 2273 legittime
850 2235 883 2265 &
906 2235 942 2265 de
961 2236 1025 2273 jure
1044 2243 1213 2271 vacantem,
1232 2236 1265 2266 &
1285 2235 1319 2265 ad

245 2276 372 2308 nostram
392 2275 629 2313 presentationem
649 2284 698 2312 per
716 2274 840 2312 Lapsum
855 2274 995 2311 temporis
1012 2272 1069 2303 sive
1084 2283 1133 2311 per
1148 2274 1316 2311 pravitatem

245 2317 363 2347 simonie
383 2316 438 2345 inc
459 2316 525 2344 vice
543 2313 740 2351 spee'tantem3
766 2314 800 2344 &
818 2312 976 2351 diriguntur
995 2312 1032 2342 he
1054 2311 1147 2342 Litere
1165 2311 1317 2344 Reveren-

246 2354 285 2386 do
303 2357 333 2385 in
352 2353 459 2384 Chisto
475 2352 550 2383 Patri
571 2352 706 2382 Domino
733 2350 866 2390 Joftpho,
884 2353 992 2382 Exonie
1011 2350 1164 2388 Episcopo.

284 2392 373 2425 Teste
392 2393 475 2432 Rege
494 2390 568 2429 apud
589 2390 869 2431 westmonasterium,
888 2390 1027 2422 vicesimo
1042 2390 1089 2421 die
1108 2392 1223 2419 Martii.

254 2473 335 2532 RE
347 2473 394 2512 X,
412 2473 476 2509 δερ,
511 2470 764 2503 Reverendiffirno
783 2472 812 2502 iri
830 2470 951 2502 Christo
967 2470 1041 2502 Patri
1061 2470 1198 2501 Domino
1211 2473 1324 2508 Georgia

329 2512 506 2550 providentia
525 2512 620 2541 divina
640 2509 835 2550 cantuariensi
854 2509 1096 2548 Archiepiscopo,
1114 2511 1199 2540 totius
1215 2511 1325 2547 Anglie

252 2550 373 2581 Primiti
400 2553 433 2582 ὃς
463 2550 692 2588 Metropolitano
712 2548 845 2579 vestrove
864 2550 892 2579 in
912 2549 1033 2579 absentia
1054 2548 1168 2579 Vicario
1186 2550 1216 2578 in
1232 2549 1321 2587 Spiri-

250 2591 370 2620 tualibtis
387 2590 523 2620 Generali
538 2612 546 2625 ‚
573 2588 628 2620 sive
646 2589 691 2618 alii
710 2589 875 2626 cuicunque
893 2589 924 2618 in
941 2588 995 2618 hac
1015 2597 1095 2626 parte
1113 2587 1317 2619 authoritatem

255 2629 393 2665 habenti,
413 2628 458 2658 seu
479 2628 631 2664 habituro,
650 2626 784 2656 Salutem.

291 2668 338 2698 Ad
360 2667 500 2696 Vicariam
520 2666 556 2695 de
574 2665 744 2702 Gillingham
762 2664 853 2695 vestre
873 2664 1004 2695 Diocesis
1019 2674 1066 2703 per
1086 2672 1211 2694 mortem
1231 2664 1324 2695 ultimi

253 2706 456 2737 Incumbeiitis
483 2705 587 2734 ibidem
610 2705 669 2741 jam
689 2712 854 2740 vacantem,
873 2705 907 2735 &
931 2703 964 2733 ad
985 2703 1115 2733 nostram
1135 2702 1324 2733 Presentatio-

256 2755 327 2776 nem
352 2745 437 2782 pleno
461 2744 524 2781 jure
548 2744 592 2773 vel
611 2743 706 2779 aliquo
733 2743 787 2772 alio
814 2752 989 2780 quocunque
1011 2741 1103 2772 niodo
1128 2741 1323 2779 speetantem,

257 2784 411 2816 Dile&um
428 2782 527 2812 Nobis
545 2782 573 2811 in
595 2780 715 2811 Christo
736 2780 863 2810 Carolum
883 2779 1075 2819 Hutcht‘nson,
1102 2779 1269 2817 Clericum,
1294 2781 1325 2810 in

257 2823 375 2854 Artibus
394 2821 584 2860 Magistrum,
605 2820 695 2850 Vobis
714 2820 917 2856 presentamus:
939 2818 1091 2858 Rogantes
1104 2820 1138 2850 &
1153 2820 1326 2856 requirentes

259 2871 394 2901 quatenus
411 2860 535 2891 eundem
552 2857 678 2888 Car-olum
695 2857 867 2896 Hutchinstm
884 2858 919 2888 ad
936 2857 1080 2888 Vicariam
1100 2857 1136 2886 de
1153 2856 1324 2894 Gillingham

258 2901 385 2940 predicta
408 2900 556 2929 admittere
574 2920 583 2933 ,
610 2897 758 2934 ipsumque
777 2897 925 2927 Vicarium
944 2897 1051 2927 ibidem
1071 2895 1214 2927 instituere
1233 2897 1265 2927 ὅ(
1284 2897 1327 2925 in-

259 2938 360 2970 vestire
381 2946 452 2968 cum
472 2937 609 2966 omnibus
632 2935 683 2964 suis
704 2936 830 2973 juribus,
857 2935 994 2966 membris
1012 2937 1045 2967 ὅσ
1065 2935 1238 2974 pertinentiis
1258 2935 1323 2965 uni-

258 2977 363 3015 verlis,
379 2985 526 3012 ceteraque
542 2975 639 3004 omnia
654 2975 687 3004 &
703 2974 808 3013 singula
826 2974 920 3004 facere
938 2973 971 3005 ὃς
989 2983 1140 3014 peragere,
1158 2983 1212 3011 que
1229 2973 1325 3004 vestro

261 3016 365 3085 inlhac
387 3022 462 3058 parte
482 3014 651 3083 ζιῑειὲἑτὼωπ
669 3012 786 3044 Officio
806 3012 945 3044 Pastorali
965 3013 1055 3046 velitis
1073 3022 1142 3044 cum
1159 3013 1266 3043 favore.

317 3065 335 3084 n
354 3063 434 3092 cujus
454 3062 509 3090 rei,
528 3067 546 3084 c
563 3061 589 3082 c.

301 3130 394 3167 Teste
412 3128 499 3168 Rege
513 3128 588 3167 apud
607 3128 884 3168 Wstmonallerium,
902 3127 1023 3167 septimo
1042 3128 1087 3159 die
1105 3130 1189 3158 Maii.

587 3207 640 3235 Per
658 3208 805 3236 Dominum
825 3203 962 3244 Custodem
980 3207 1081 3242 Magni
1100 3203 1188 3242 Sigilli·
1204 3202 1316 3241 Anglie.

272 3284 423 3326 Confimiles
449 3286 564 3314 Literas
591 3284 722 3311 Parentes
747 3280 850 3311 habent
873 3281 989 3319 Persbne
1013 3280 1164 3319 Subftripte
1189 3282 1227 3314 &⁴
1263 3280 1338 3310 datis

310 3328 393 3353 etiam
408 3321 577 3363 Subfiriptis.
613 3322 656 3351 Et
674 3321 831 3359 diriguntur
850 3320 986 3359 utsupra.

313 3402 428 3434 Thomas
445 3402 592 3442 Stephem,
612 3400 758 3438 Clericus,
778 3401 807 3431 in
827 3400 944 3431 Artibus
963 3398 1116 3440 Magister,
1139 3399 1227 3430 habet
1246 3398 1341 3429 consi-

276 3443 357 3474 miles
375 3442 480 3473 Literas
497 3441 628 3472 Parentes
645 3440 681 3471 de
700 3438 910 3471 Presentatione
924 3438 958 3468 ad
973 3438 1141 3469 Rectoriam
1157 3438 1192 3467 de
1206 3438 1339 3475 Newing-

276 3489 326 3512 ton
341 3483 369 3511 in
384 3480 532 3511 Comitatu
544 3483 635 3510 Surrie
651 3480 684 3511 &
699 3477 828 3508 Diocesis
843 3479 1005 3515 Wintonie,
1023 3476 1168 3513 peculiaris
1171 3475 1341 3513 jurisdictio-

277 3522 320 3551 nis
335 3518 537 3557 Cantuarienfis
551 3541 560 3556 ‚
580 3519 639 3555 jam
665 3517 804 3557 legittime
828 3516 861 3546 &
880 3515 917 3546 de
935 3516 998 3553 jure
1016 3523 1164 3544 vacantem
1184 3516 1217 3545 ὃς
1235 3515 1269 3544 ad
1289 3525 1342 3545 no-

280 3558 366 3588 stram
387 3558 624 3596 presentationem
652 3556 710 3587 sive
735 3564 785 3594 per
810 3555 975 3593 pravitatem
1004 3554 1123 3583 simonie
1143 3553 1200 3583 sive
1219 3563 1268 3590 per
1287 3554 1347 3591 lap·

277 3596 338 3665 {um
357 3597 493 3635 temporis
521 3595 575 3626 hac
602 3595 666 3626 vice
689 3594 862 3632 spectantem
879 3604 891 3630 3
918 3593 951 3624 &
970 3591 1124 3632 diriguntur
1143 3592 1182 3622 he
1198 3590 1294 3622 Litere
1310 3600 1340 3622 ut

291 3646 306 3664 u
328 3645 364 3665 ra.

309 3644 406 3704 HPeste
425 3672 511 3711 Rege
527 3671 602 3711 apud
621 3669 896 3712 westmonasterium,
915 3668 1053 3700 vicefimo
1072 3676 1175 3705 quarto
1194 3667 1239 3698 die
1258 3670 1343 3698 Maii.

319 3749 485 3779 willielmus
505 3746 657 3787 Marfhall,
677 3747 804 3778 Clericus
822 3748 851 3776 in
871 3746 986 3778 Artibus
1006 3744 1160 3781 Magister,
1179 3744 1343 3775 liabetcon-

283 3787 382 3816 similes
400 3789 505 3817 Literas
520 3788 650 3818 Parentes
665 3786 701 3817 de
716 3786 918 3824 presentatione
932 3784 966 3815 ad
988 3784 1156 3814 Recloriam
1170 3783 1207 3813 de
1220 3783 1342 3813 Nether-

283 3825 369 3854 harde
386 3826 449 3855 alias
470 3827 566 3855 Harde
573 3835 666 3863 parva
685 3825 819 3856 Diocesis
834 3822 1020 3863 canturienfis
1036 3832 1084 3860 per
1096 3822 1264 3853 Ceffionem
1280 3824 1344 3852 ulti-

284 3864 325 3893 mi
343 3862 537 3893 Incumbenns
554 3865 663 3895 ibidem
678 3865 738 3902 jam
758 3871 926 3900 vacantem,
945 3864 978 3893 &
997 3861 1030 3891 ad
1050 3861 1174 3891 nostram
1194 3860 1344 3898 presental-

279 3902 392 3932 tionem
416 3901 493 3930 ⁴*leno
505 3902 565 3938 jure
584 3903 778 3940 spectantem,
796 3904 830 3933 δε
849 3901 1008 3940 diriguntur
1025 3900 1063 3930 he
1083 3899 1177 3929 Litere
1195 3898 1342 3930 Reveren-

283 3940 323 4009 csio
347 3940 377 3969 in
432 3938 520 3969 hristo
545 3939 620 3970 Patri
647 3940 780 3970 Domino
805 3942 918 3978 Georgia
933 3963 943 3978 ,
977 3937 1168 3979 cantuariensi
1191 3937 1344 3977 Archiepi-

298 3986 384 4013 cop0.

318 4014 406 4047 Teste
428 4013 511 4053 Rege
530 4014 605 4051 apud
624 4015 904 4055 westmonasterium,
921 4016 1025 4054 quinto
1045 4015 1091 4046 die
1109 4013 1259 4045 Februarii.

1329 98 1442 150 ΕΞ,
1501 95 1896 145 LITERAE,

1365 188 1510 227 Johannes
1525 185 1690 225 Boughton,
1708 185 1857 224 Clericus,
1878 183 1906 213 in
1925 181 2048 227 Artibus
2068 178 2306 227 Bacchalaureu's,
2321 179 2410 212 habet
2428 174 2536 215 Anu-Il

1328 227 1492 258 consimiles
1510 226 1615 271 Literas
1634 226 1765 256 Parentes
1781 225 1817 254 de
1836 222 2053 267 Presentatione
2073 222 2107 251 ad
2128 220 2274 267 Vicariam
2290 221 2330 266 de
2352 222 2409 250 Bo·
2422 216 2536 283 A1628i

1327 264 1507 344 32²3..ssth
1521 261 1870 342 gfffufffssga‘ssss'oess'ss?
1881 260 2409 338 ss¹32is¹5252as3227534322.353fi¹55
2425 266 2536 325 ‹22241‘2

1327 343 1424 381 aliquo
1441 342 1496 372 alio
1514 351 1690 381 quocunque
1709 340 1799 372 modo
1816 340 2011 378 similantem,
2043 338 2077 369 &
2095 338 2250 376 dirigimur
2269 337 2306 367 he
2325 337 2408 368 Lite-
2421 338 2472 363 No.
2490 341 2536 368 40*

1332 381 1563 458 refiesileltpRege
1580 417 1655 457 apud
1675 416 1955 457 westmonasterium,
1973 424 2057 446 nono
2075 414 2121 446 die
2140 413 2293 444 februarii.

1366 496 1502 526 Robertus
1519 493 1661 534 Johnson,
1678 493 1831 532 Clericus,
1856 493 1885 524 S.
1904 493 1946 524 T.
1965 492 1997 524 B.
2013 494 2099 524 habet
2118 490 2282 523 consimiles
2301 490 2409 523 Literas

1332 535 1464 566 Parentes
1481 534 1517 564 de
1535 533 1746 577 Presentatione
1771 533 1806 563 ad
1828 531 1996 563 Recitoriam
2025 532 2060 562 de
2077 531 2150 571 Wst
2168 529 2308 574 Hichenor
2332 530 2411 560 Dio'-

1333 574 1403 604 cesis
1421 572 1585 616 Cia-estrepsts
1599 582 1659 611 jam
1678 581 1842 608 vacantem,
1864 572 1897 602 ὃς
1911 570 1944 600 ad
1961 570 2088 601 nostram
2106 570 2341 608 presentationem
2350 570 2411 608 ple-

1333 623 1375 642 no
1390 613 1454 656 jure
1472 616 1647 656 spectantem
1656 623 1673 655 3
1699 612 1732 642 &
1758 611 1916 649 diriguntur
1935 609 1972 639 he
1992 608 2358 655 IfitereReveretidiffimo
2377 610 2411 639 in

1335 650 1458 720 ἓὶπιῖίῖο
1465 651 1560 729 [ξ’ᾳὲἓι
1567 650 1706 719 [3323ng
1723 652 1836 688 Georgia
1846 672 1856 687 ,
1872 647 2069 688 cantuarienfi
2076 647 2301 688 Archiepitcopo
2311 671 2321 686 ‚
2336 647 2412 680 Sede

1358 700 1466 759 n'iielig
1481 700 1565 767 RJege
1580 728 1653 766 apud
1676 699 1954 767 ijhstmonasterium,
1973 725 2051 756 sexto
2072 724 2118 755 die
2135 723 2232 763 Junii.

1338 804 1522 874 meets.
1528 801 1998 874 {524233513013350‘3412‘255223
2013 801 2292 882 ἓῖὺῗηῗῑῖἓιῗὲῗὶέἳῗ,
2303 802 2416 873 ἒΐὲἓῗ

1338 883 1374 912 sia
1393 881 1556 913 Cathedrali
1572 881 1727 921 Ciceslrenfi
1742 880 1871 912 Diocesis
1888 879 2073 921 cicestrenfis,
2097 890 2148 917 per
2169 890 2296 911 mortem
2315 881 2413 913 ultimi

1338 921 1538 952 incumbentis
1553 921 1663 951 ibidem
1674 921 1733 958 jam
1747 929 1915 957 vacantem,
1934 923 1966 951 &
1980 920 2014 950 ad
2030 918 2158 950 nostram
2173 919 2414 958 presentationem

1339 962 1450 991 ratione
1469 960 1621 991 vacat'iOnis
1638 958 1716 989 Sedis
1737 957 1908 997 Episcopalis
1925 958 2090 999 Cicestrenfis
2117 958 2172 990 hac
2190 960 2257 990 vice
2284 957 2415 998 spectan-

1337 1008 1420 1037 tem,
1440 1001 1474 1030 ἃ
1494 999 1652 1037 diriguntur
1671 998 1708 1027 he
1727 996 1820 1026 Litere
1839 1005 1869 1026 ut
1887 997 1975 1033 supra.

1373 1038 1394 1058 '¹‘
1412 1038 1502 1069 Teste
1522 1037 1605 1076 Rege
1620 1036 1696 1075 apud
1715 1035 1850 1076 Cambury
1862 1057 1872 1073 ,
1891 1034 2030 1066 vicesimo
2049 1034 2176 1069 secundo
2195 1036 2243 1068 die
2260 1036 2390 1078 Augusti.
2429 1049 2536 1079 ‘XIX

1377 1114 1529 1155 Johannes
1549 1113 1635 1145 Dodd
1645 1138 1654 1151 ,
1682 1111 1813 1144 Clericus
1826 1134 1836 1150 ,
1862 1112 1892 1142 S.
1910 1111 1952 1141 T.
1971 1109 2003 1142 B.
2018 1112 2105 1143 habet
2128 1114 2290 1146 consimiles
2307 1114 2417 1146 Literas
2427 1099 2475 1128 53⁸

1341 1154 1473 1186 Parentes
1496 1155 1531 1184 de
1558 1153 1769 1184 Presentatione
1792 1151 1827 1181 ad
1850 1150 2032 1182 Prebendam
2057 1151 2094 1181 de
2123 1152 2222 1181 Combe
2243 1153 2415 1192 secundam,

1341 1193 1473 1224 Diocesis
1490 1191 1680 1232 Bathonienfit
1698 1190 1737 1226 ὠ·
1755 1189 1914 1229 PVeIlenfis,
1930 1199 1981 1227 per
1996 1199 2121 1219 mortem
2134 1191 2226 1220 ultimi
2241 1190 2416 1223 incumben-

1340 1233 1376 1263 tis
1394 1233 1502 1264 ibidem
1518 1232 1579 1270 ij
1598 1239 1744 1261 vacantem
1760 1252 1770 1266 ‚
1797 1232 1829 1260 ὅ(
1848 1229 1882 1260 ad
1901 1228 2029 1259 nostram
2049 1229 2285 1265 presentationem
2305 1233 2416 1262 ratione

1340 1272 1499 1301 vacationis
1523 1270 1594 1301 sedis
1620 1269 1794 1306 Episcopalis
1823 1266 2016 1307 Bathonienfis
2040 1266 2080 1301 ό·
2111 1267 2252 1299 Wellenis
2281 1269 2334 1300 hac
2351 1271 2418 1302 vice

1341 1309 1534 1347 spectantem,
1552 1310 1585 1339 ὅ(
1606 1308 1767 1345 diriguntur
1786 1306 1822 1337 he
1841 1306 1938 1337 Litere
1956 1316 1986 1336 ut
2004 1305 2093 1344 supra.

1379 1348 1468 1380 Teste
1485 1348 1569 1385 Rege
1588 1347 1663 1385 apud
1682 1346 1837 1387 Cambury,
1853 1345 1991 1377 vicesimo
2010 1355 2093 1376 nono
2112 1344 2158 1376 die
2176 1345 2306 1388 Augusti.

1382 1424 1496 1454 Carolus
1515 1427 1607 1463 Bray‚
1627 1423 1770 1461 Clericus,
1791 1421 1820 1454 S.
1839 1423 1881 1454 T.
1898 1422 1931 1454 B.
1950 1422 2036 1453 habet
2054 1422 2215 1454 consimiles
2234 1424 2345 1457 Literas
2364 1422 2419 1458 Pa-

1346 1471 1437 1494 rentes
1456 1463 1491 1494 de
1510 1462 1718 1493 Presentatione
1736 1463 1769 1492 ad
1788 1461 1969 1493 Prebendam
1995 1462 2032 1492 de
2052 1460 2222 1501 Hafilbeare
2244 1463 2396 1497 Plucknett
2409 1488 2421 1502 ,

1347 1503 1376 1532 in
1393 1502 1519 1534 Ecclesia
1534 1500 1696 1532 Cathedrali
1713 1499 1841 1540 Wllenfi
1857 1501 1890 1531 &
1911 1500 1945 1531 ad
1968 1500 2139 1531 Recioriam
2156 1500 2361 1534 Prebendalem
2382 1503 2420 1535 de

1345 1540 1518 1580 Haselbeare
1538 1540 1684 1571 Plucknett
1704 1541 1733 1570 in
1755 1539 1908 1570 Coxnitatu
1924 1537 2056 1580 Somerse't
2076 1538 2207 1570 Diocesis
2224 1541 2421 1581 Bathoni'enfis

1347 1577 1386 1615 &
1407 1579 1549 1618 Wellenfis
1564 1601 1574 1618 ‚
1600 1589 1649 1616 per
1665 1579 1883 1617 resignationem
1898 1577 2002 1610 &ultimi
2022 1579 2219 1610 incumbentis
2236 1580 2346 1611 ibidem
2358 1582 2423 1620 jam

1347 1627 1515 1655 vacantem,
1534 1619 1567 1649 &
1588 1618 1623 1648 ad
1641 1617 1768 1648 nostram
1790 1616 2035 1647 Presentationem
2053 1617 2161 1648 ratione
2178 1621 2335 1650 vacationis
2353 1621 2426 1651 sedis

1348 1657 1523 1727 {piscopalis
1550 1655 1741 1726 Bsathonienfis
1767 1653 1805 1690 ὀ·
1834 1653 1975 1695 Wllenfis
1999 1654 2192 1696 ἴρεξὶεῐιῑεω,
2208 1658 2242 1689 δε
2261 1659 2425 1699 diriguntur

1371 1707 1387 1727 e
1422 1705 1504 1727 utere
1524 1704 1554 1726 ut
1581 1706 1597 1726 u
1622 1705 1659 1726 ra.

1381 1734 1473 1767 Teste
1493 1734 1576 1773 Rege
1594 1705 1667 1775 alpud
1683 1732 1834 1772 cambray,
1852 1731 1991 1764 vicesimo
2009 1733 2132 1771 septimo
2145 1732 2193 1766 die
2212 1734 2339 1775 Augusti.

1382 1811 1516 1843 Ricardus
1541 1810 1654 1842 Corbett
1707 1811 1736 1842 S.
1755 1809 1796 1841 T.
1815 1809 1849 1842 P.
1867 1810 1954 1842 habet
1979 1808 2142 1841 consimiles
2161 1809 2272 1841 Literas
2288 1810 2423 1846 Parentes

1347 1850 1385 1881 de
1412 1849 1624 1881 Presentatione
1647 1834 1682 1880 ad
1710 1849 1884 1880 Rectoriam
1909 1849 1946 1880 de
1971 1848 2108 1879 Baldwin
2126 1848 2300 1887 Brightwell
2313 1850 2426 1883 Diocea

1346 1890 1380 1920 sis
1398 1892 1521 1926 Oxonie,
1540 1898 1589 1925 per
1607 1888 1822 1920 transsationem
1842 1887 2006 1918 Reverendi
2024 1889 2053 1917 in
2069 1887 2189 1918 Christo
2204 1888 2292 1919 Patris
2305 1888 2423 1928 Johan-

1348 1932 1391 1959 nis
1409 1925 1572 1967 Oxonienfis
1591 1927 1696 1965 Episco
1717 1929 1725 1958 i
1741 1927 1775 1957 ad
1796 1926 2001 1965 Episcopatum
2021 1926 2231 1967 Dunelmenftm
2242 1927 2302 1965 jam
2322 1938 2428 1960 vacan-

1352 1977 1430 2005 tem,
1448 1968 1482 2000 &
1500 1966 1535 1997 ad
1553 1966 1678 1997 nostram
1696 1938 1945 1997 {resentationem
1959 1967 2021 2005 jure
2046 1965 2230 2005 Prerogative
2249 1966 2347 1999 nostre
2367 1967 2430 2005 Re-⁴

1351 2009 1398 2048 gie
1412 2006 1468 2038 hac
1484 2006 1548 2037 vice
1568 2004 1759 2045 spectantem·
1781 2005 1814 2036 &
1832 2005 1994 2044 diriguntur
2012 2004 2051 2035 he
2072 2004 2168 2036 Litere
2184 2013 2215 2036 ut
2231 2003 2321 2042 supra.

1387 2044 1478 2078 Teste
1496 2043 1584 2082 Rege
1602 2045 1676 2083 apud
1694 2029 1973 2084 Wlimonallerium,
1989 2044 2076 2076 tertio
2093 2043 2141 2076 die
2158 2043 2295 2076 Offobris.

1388 2122 1540 2164 Johannes
1559 2122 1751 2161 Drummond,
1770 2121 1904 2154 Clericus
1940 2121 1979 2154 A.
1999 2120 2049 2153 M.
2066 2121 2154 2154 habet
2168 2121 2329 2154 consimiles
2348 2122 2430 2156 Lites

1352 2174 1394 2195 ras
1414 2163 1544 2194 Patentes
1563 2163 1599 2194 de
1615 2161 1825 2194 Presentatione
1841 2161 1877 2193 ad
1895 2145 2041 2205 &sicariam
2060 2160 2096 2191 de
2112 2159 2210 2201 Bisbop
2229 2160 2339 2193 Wlton
2353 2162 2432 2194 Dio-

1352 2202 1421 2234 cesis
1439 2200 1620 2240 Eboracenfis
1637 2224 1646 2240 ,
1671 2211 1720 2239 per
1738 2199 1908 2232 Ceffionem
1925 2200 2018 2231 ultimi
2034 2199 2235 2232 Incumbentis
2250 2200 2358 2231 ibidem
2368 2201 2431 2240 jam

1351 2249 1520 2279 vacantem,
1539 2242 1572 2273 &
1588 2240 1623 2271 ad
1639 2240 1767 2271 nostram
1787 2239 2027 2271 Presentationem
2047 2239 2134 2276 pleno
2151 2239 2216 2277 jure
2233 2240 2430 2278 spestantem3

1351 2281 1384 2311 &
1411 2280 1571 2320 diriguntur
1597 2279 1636 2310 he
1663 2279 1759 2311 Litere
1785 2277 1962 2310 Reverendo
1985 2278 2016 2309 in
2041 2276 2162 2309 Christo
2191 2278 2268 2310 Patri
2294 2278 2431 2310 Domino

1351 2322 1464 2356 Georgia
1483 2317 1649 2358 Eboracenfi
1665 2317 1909 2356 Archiepiscopo.

1386 2357 1478 2390 Teste
1495 2357 1579 2398 Rege
1595 2356 1672 2395 apud
1687 2356 1964 2396 Westmonasterium‚
1981 2354 2103 2388 decimo
2123 2363 2207 2387 nono
2224 2354 2270 2386 die
2285 2353 2373 2393 Julii.

1388 2433 1522 2466 Robertus
1546 2433 1678 2473 Johnsbn
1693 2458 1703 2473 ‚
1732 2434 1864 2467 Clericus
1877 2456 1887 2470 ,
1917 2432 1956 2464 A.
1973 2431 2024 2465 M.
2039 2432 2125 2464 habet
2141 2429 2303 2462 consimiles
2323 2430 2432 2464 Literas

1356 2474 1490 2506 Parentes
1513 2473 1550 2504 de
1576 2473 1793 2505 Presentatione
1811 2473 1846 2504 ad
1864 2472 2036 2516 Recioriam
2056 2471 2098 2515 ,ἀς
2114 2469 2189 2514 Riffe·
2205 2468 2337 2501 Diocefis
2354 2471 2432 2502 Ebo-

1353 2523 1434 2544 racen
1445 2523 1484 2551 15,
1503 2522 1553 2549 per
1574 2521 1700 2543 mortem
1718 2513 1816 2556 ultimi
1839 2511 2036 2553 Incumbentis
2054 2508 2163 2539 ibidem
2178 2517 2238 2546 jam
2256 2517 2430 2553 vacantem,

1353 2553 1387 2583 &
1406 2563 1438 2620 ah
1458 2551 1583 2619 npstram
1598 2551 1842 2619 Pressentationetn
1859 2549 1946 2590 pleno
1959 2557 2022 2587 Jure
2040 2547 2236 2586 spectantem,
2253 2548 2287 2579 δε
2301 2547 2432 2588 dirigun-

1354 2599 1401 2622 tur
1441 2600 1456 2620 e
1504 2598 1572 2620 itere
1591 2598 1623 2620 ut
1656 2599 1734 2626 upra.

1391 2628 1482 2661 Teste
1498 2627 1584 2666 Rege
1602 2627 1678 2666 apud
1697 2627 1834 2667 Cambury
1848 2649 1859 2664 ,
1874 2623 2021 2656 tricesimo
2040 2622 2087 2655 die
2106 2623 2234 2664 Augusti.

1392 2703 1529 2735 Robertus
1547 2705 1709 2740 Remington
1722 2727 1732 2741 ,
1751 2701 1895 2740 Clericus,
1916 2700 1954 2733 A.
1975 2698 2023 2731 Μ.
2043 2700 2128 2733 habet
2147 2701 2309 2733 consimiles
2326 2700 2434 2737 Literas

1354 2744 1485 2774 Parentes
1509 2743 1547 2772 de
1566 2741 1774 2773 Presentatione
1800 2740 1836 2772 ad
1855 2740 2025 2771 Rectoriam
2045 2739 2082 2770 de
2097 2743 2208 2771 Smeton
2230 2740 2293 2772 alias
2310 2745 2433 2782 Sneton,

1355 2781 1485 2813 Diocesis
1502 2781 1623 2811 Eborum
1638 2790 1688 2819 per
1705 2789 1832 2811 mortem
1849 2779 1943 2810 ultimi
1959 2777 2160 2811 Incumbentis
2178 2779 2288 2811 ibidem
2303 2781 2364 2818 jain
2382 2791 2436 2813 va-

1355 2829 1471 2851 cantem
1486 2842 1496 2857 ,
1522 2821 1556 2851 &
1579 2819 1612 2850 ad
1643 2819 1769 2850 nostram
1788 2817 2030 2850 Presentationem
2049 2816 2136 2856 pleno
2159 2819 2224 2858 jure
2242 2818 2435 2860 spedkantem3

1359 2861 1392 2891 &
1411 2859 1571 2898 diriguntur
1589 2859 1626 2888 he
1643 2858 1740 2889 Litere
1760 2865 1792 2888 ut
1811 2857 1902 2896 supra.

1393 2897 1486 2928 Teste
1504 2896 1588 2936 Rege
1605 2897 1681 2935 apud
1701 2895 1982 2937 Wcstmonallerium,
2000 2894 2138 2927 vicesimo
2156 2894 2203 2926 die
2219 2895 2392 2936 Septembris.

1399 2973 1608 3005 Bartholomeus
1635 2973 1800 3004 Heardman
1813 2996 1823 3011 ‚
1851 2972 1982 3004 Clericus
1995 2995 2005 3011 ,
2031 2971 2070 3004 A.
2096 2970 2142 3003 M.
2165 2972 2252 3004 habet
2277 2974 2442 3008 consimiles

1366 3013 1475 3044 Literas
1493 3013 1620 3043 Parentes
1633 3012 1670 3043 de
1678 3013 1893 3044 Presentatione
1908 3011 1944 3042 ad
1952 3011 2094 3043 Vicariam
2109 3011 2145 3043 de
2161 3010 2316 3042 Bramham
2328 3014 2358 3043 in
2374 3013 2440 3045 Co·

1365 3054 1465 3083 mitatu
1481 3052 1602 3082 Eborum
1619 3051 1680 3089 jam
1698 3060 1849 3082 vacantem
1859 3073 1869 3089 ‚
1888 3051 1922 3083 δε
1936 3049 1971 3080 ad
1983 3049 2112 3081 nostram
2128 3049 2372 3082 Presentationem
2387 3052 2438 3093 per

1367 3091 1472 3129 lapsum
1494 3090 1633 3127 temporis
1655 3089 1700 3119 vel
1721 3089 1816 3128 aliquo
1830 3089 1886 3119 alio
1903 3098 2080 3127 quocunque
2097 3088 2188 3120 modo
2211 3088 2264 3120 hac
2280 3089 2346 3121 v'ice
2359 3090 2441 3129 spec-

1367 3138 1490 3166 tantem,
1509 3130 1543 3159 &
1560 3128 1719 3166 diriguntur
1736 3128 1775 3158 he
1793 3127 1889 3158 Litere
1899 3127 2024 3158 Decano
2039 3128 2073 3160 &
2089 3126 2226 3167 Capitulo
2239 3127 2367 3161 Ecclefie
2380 3128 2442 3161 Ca-

1368 3168 1502 3200 thedralis
1517 3168 1550 3197 ὃς
1567 3165 1787 3203 Metropolitice
1804 3167 1935 3196 Eborum.

1402 3205 1494 3237 Teste
1513 3203 1599 3242 Rege
1617 3205 1691 3243 apud
1712 3205 1993 3246 Wstmonasterium,
2010 3203 2157 3237 tricesimo
2178 3204 2225 3236 die
2242 3205 2363 3245 Aprilis.

1407 3284 1540 3313 Henri'cur
1552 3284 1665 3319 Baton,
1685 3281 1816 3314 Clericus
1831 3305 1840 3321 ,
1866 3281 1903 3313 A.
1921 3281 1953 3313 Β,
1972 3281 2059 3312 habet
2078 3280 2240 3313 consimiles
2259 3281 2367 3315 Literas
2384 3281 2440 3313 Pa-

1369 3330 1459 3353 tentes
1477 3322 1513 3351 de
1534 3319 1745 3353 Presentatione
1764 3322 1799 3353 ad
1819 3321 1964 3352 Vicariam
1979 3321 2015 3351 de
2031 3319 2156 3360 Elkeglley
2173 3319 2301 3352 Diocesis
2315 3319 2438 3351 Eburum

1369 3371 1419 3400 per
1439 3368 1564 3390 mortem
1580 3359 1672 3389 ultimi
1689 3360 1889 3391 incumbentis
1905 3360 2013 3390 ibidem
2023 3359 2084 3397 jam
2100 3366 2268 3397 vacantem,
2283 3359 2318 3388 δε
2332 3360 2367 3388 ad
2382 3368 2441 3390 no·

1371 3400 1457 3430 stram
1475 3398 1709 3465 prsesentationem
1726 3399 1814 3437 pleno
1826 3400 1891 3437 jure
1905 3398 2097 3437 spetstantem3
2117 3398 2150 3428 &
2167 3398 2323 3436 diriguntur
2335 3396 2373 3428 lie
2386 3397 2440 3429 Li-

1371 3447 1429 3470 tete
1449 3446 1479 3466 ut
1513 3446 1589 3473 upra.

1409 3475 1498 3507 Teste
1512 3474 1596 3514 Rege
1612 3474 1685 3512 apud
1705 3474 1963 3517 Westmonasterium
1977 3497 1988 3514 ,
2005 3473 2124 3506 decimo
2141 3475 2242 3514 quinto
2259 3472 2305 3504 die
2323 3476 2410 3506 Maii.

1413 3549 1577 3583 Wllielmus
1592 3550 1788 3589 Complqlham,
1808 3551 1956 3590 Clericus,
1975 3551 2011 3582 A.
2022 3549 2070 3582 M.
2087 3550 2170 3581 habet
2182 3548 2343 3581 consimiles
2360 3550 2439 3584 Lite.

1372 3602 1413 3622 ras
1428 3590 1558 3620 Parentes
1580 3590 1617 3619 de
1639 3589 1850 3622 Presentatione
1869 3592 1903 3621 ad
1921 3591 2062 3622 Vicariam
2083 3589 2118 3618 de
2133 3591 2274 3626 Bointon,
2294 3587 2441 3624 Dioecesis

1373 3630 1493 3660 Eborum
1503 3651 1512 3665 ,
1523 3637 1573 3665 per
1589 3627 1760 3659 Ceffionem
1772 3630 1863 3659 ultimi
1876 3629 2072 3661 Incumbentis
2084 3625 2192 3656 ibidem
2201 3626 2262 3663 jam
2278 3637 2442 3670 vacantem,

1374 3670 1407 3700 &
1425 3670 1459 3697 ad
1479 3668 1603 3696 nostram
1623 3667 1860 3704 presentationem
1880 3668 1969 3707 pleno
1976 3669 2037 3706 jure
2049 3665 2242 3704 spectantem,
2261 3665 2295 3695 δε
2312 3666 2442 3707 dirigun-

1374 3717 1419 3738 tur
1438 3707 1473 3735 lie
1494 3705 1588 3735 Litere
1606 3714 1636 3734 ut
1655 3706 1743 3743 supra.

1410 3744 1501 3775 Teste
1514 3742 1599 3781 Rege
1615 3745 1690 3781 apud
1712 3743 1990 3784 Wstmonasterium,
2007 3741 2125 3773 decimo
2140 3740 2262 3779 septimo
2274 3740 2322 3773 die
2337 3747 2423 3776 Maii.

1411 3823 1546 3850 chricus
1560 3822 1650 3858 Bate,
1669 3820 1815 3858 Clericus,
1831 3821 1861 3852 S.
1877 3820 1920 3851 T.
1937 3819 1968 3850 B.
1986 3817 2072 3848 habet
2087 3816 2248 3849 consimiles
2266 3818 2374 3852 Literas
2387 3821 2444 3852 Pa.

1379 3868 1470 3890 tentes
1488 3859 1523 3889 de
1544 3858 1751 3890 Presentatione
1768 3860 1802 3890 ad
1823 3859 1990 3889 Rectoriatn
2010 3856 2045 3886 de
2069 3855 2232 3890 Rawmarlh
2252 3856 2386 3890 Diocesis
2403 3863 2447 3890 Ε-

1378 3899 1487 3934 borum,
1505 3907 1553 3934 per
1571 3907 1696 3928 mortem
1713 3899 1805 3929 ultimi
1821 3895 2017 3938 incumbentis
2033 3894 2140 3924 ibidem
2152 3896 2212 3933 jam
2228 3906 2396 3937 vacantem,
2411 3900 2447 3929 &

1377 3940 1411 4007 {d
1431 3936 1561 4004 ¹312?
1564 3987 1568 4004 ι
1572 3936 1809 4005 ¹:pihelsernatationem
1833 3935 1918 3972 pleno
1929 3943 1992 3971 Jure
2010 3932 2183 3971 spectantem
2198 3957 2208 3973 ,
2235 3936 2270 3967 ὃς
2286 3936 2447 3976 diriguntur

1403 3986 1508 4045 eTeste
1523 4012 1605 4052 Rege
1619 3985 1693 4050 alpad
1713 4008 1983 4049 Westmonasterium,
2001 4009 2118 4041 decimo
2138 4010 2260 4049 septimo
2286 4012 2334 4043 die
2347 4011 2443 4081 *juxt

2417 4063 2451 4082 n-
