2536 4255
59 139 134 169 Ann.
147 134 187 165 D.

81 175 168 206 1626.

62 221 116 244 Aa.
131 225 158 243 2.

63 259 128 283 car·
147 262 170 283 11

93 1482 227 1510 *xvuL

96 1521 160 1556 784.

209 54 287 96 108

211 139 330 178 quietius
345 134 383 166 usi
399 133 460 164 sunt
475 133 508 174 βε
525 129 628 171 gavisi,
643 129 690 160 seu
705 130 734 159 in
757 128 878 166 presenti
900 127 1022 167 gaudent
1044 131 1070 158 ὃ(
1095 135 1231 166 utuntur,
1247 135 1281 156 ac

214 187 283 208 tunc
296 176 420 206 habeant
436 172 555 202 eoidem
573 169 680 199 Sedem
697 169 730 200 &
747 168 864 199 Locum
884 166 1053 205 easdemque
1070 165 1281 196 Preheminen-

213 218 264 248 tias
280 216 312 246 &
329 210 541 244 Precedeiitiarn
557 207 661 246 quibus
674 206 1021 247 predictusComesRivers
1033 207 1063 236 in
1072 204 1140 236 Vita
1154 204 1200 235 sua
1213 213 1284 243 gau-

218 256 283 286 deat
296 254 329 284 &
349 251 453 288 pontus
469 248 566 278 fuerit:

256 292 293 322 Et
307 291 368 328 quia
378 311 387 326 ,
403 286 547 317 crescente
555 284 646 316 Status
655 285 688 315 &
700 284 853 323 Dignitatis
864 281 1202 321 celfitudine,neceffario
1211 277 1287 310 cres-

221 340 291 362 cunt
308 329 443 363 Sumptus
458 326 490 356 &
506 324 606 354 Onera
622 323 788 361 grandiora,
809 324 841 353 ὃ(
855 330 885 353 ut
900 322 976 353 idem
997 321 1111 351 Thomas
1125 323 1235 355 Savage
1251 317 1285 346 &

222 367 350 400 Heredes
367 363 485 395 masculi
499 363 535 394 de
551 362 687 399 Corpore
698 362 748 392 suo
762 370 912 399 exeuntes,
932 360 1100 390 immediate
1123 357 1188 395 post
1204 355 1288 386 Mor-

222 416 282 438 tem
297 403 417 443 prediffl
433 405 544 432 Comitis
557 404 659 430 Rivers
679 401 734 430 fine
752 400 867 430 Herede
889 399 1013 430 masculo
1033 398 1070 429 de
1088 396 1221 435 Corpore
1240 394 1290 423 suo

224 452 362 480 exeunte,
382 441 482 472 melius
497 440 644 471 decentius
657 439 690 469 &
706 439 940 469 honorificentius
954 437 1067 468 Statum
1088 435 1242 465 Honorem
1256 431 1290 462 &-

224 482 409 521 Dignitatem
424 478 572 516 Comitis,
588 488 620 508 ac
644 477 743 508 Onera
758 477 808 516 ipsi
826 476 920 505 Thome
941 479 1050 512 Savage
1076 475 1108 504 &
1127 471 1293 503 Heredibus

226 522 279 552 suis
295 519 423 550 masculis
437 517 569 556 predictis
585 516 799 553 incumbentia,
818 523 1000 545 manutenere
1018 516 1052 545 &
1065 512 1229 550 supportare
1245 518 1294 539 va-

226 560 320 596 leant,
336 559 369 589 &
382 566 486 588 eorum
502 555 621 594 quilibet
636 555 745 592 valeat,
763 554 847 591 ideo,
864 553 901 583 de
917 552 1042 583 uberiori
1065 551 1163 581 Gratia
1183 546 1296 585 nostra,

228 598 360 628 dedimus
376 594 603 626 &concessimus
640 603 673 623 ac
689 603 737 631 per
753 593 912 628 Presentes,
928 600 981 629 pro
995 591 1080 620 nobis
1092 587 1294 618 Heredibus&

229 635 447 668 Succefforibus
461 633 563 664 nostris
573 655 582 671 ,
600 617 698 662 damus
716 631 748 661 &
765 630 952 660 concedimus
967 628 1078 666 prefato
1091 626 1189 656 Thome
1201 629 1296 655 Sava-

224 687 257 713 ge
274 677 307 707 &
320 673 481 704 Heredibus
497 672 549 702 suis
562 671 687 702 masculis
697 669 732 700 de
741 668 873 707 Corpore
885 668 934 697 suo
949 667 1130 702 exeuntibus,
1146 663 1295 695 immedia-

229 723 257 745 te
273 712 337 751 post
353 711 487 743 Mortem
503 710 620 750 predicti
633 712 732 738 Comiti
745 705 1031 736 RiverssineHerede
1043 703 1168 735 masculo
1175 704 1211 733 de
1218 701 1298 732 Cor-

231 763 304 792 pore
315 751 365 782 suo
379 758 517 788 exeunte,
536 748 666 780 Feodum
682 747 737 776 five
751 745 898 776 annualem
916 743 1073 774 Redditum
1083 745 1184 780 viginti
1192 740 1298 771 Libra-

231 802 292 821 rum
308 790 400 829 legalis
410 788 534 819 Monere
546 786 668 824 anglie,
686 784 852 815 habendum
866 783 1018 813 levandum
1034 784 1066 813 ὃς
1082 778 1297 819 percipiendum

231 831 378 861 annuatim
396 827 508 858 distum
526 826 658 856 Feodum
673 824 728 853 five
741 821 891 853 annualem
906 821 1062 851 Redditum
1077 822 1179 857 viginti
1191 817 1299 847 Libra-

232 880 293 899 rum
304 892 314 907 ,
330 867 498 898 immediate
514 864 578 903 post
595 862 725 893 Mortem
739 860 860 901 predicti
874 862 985 889 Comitis
994 863 1094 889 Rivers
1113 858 1169 889 fine
1184 855 1299 887 Herede

236 906 364 939 masculo
382 906 417 936 de
433 904 568 941 Corpore
584 902 634 931 suo
648 909 786 936 exeunte,
805 899 917 936 prefato
931 897 1028 927 Thome
1042 900 1150 933 Savage
1165 894 1300 927 &Here-

237 946 321 977 dibus
339 946 391 976 suis
409 943 536 974 masculis
549 940 695 981 prediffis,
714 938 748 968 de
760 937 892 967 Exitibus
905 935 1043 967 Proficuis
1057 936 1090 966 &
1108 933 1300 965 Reventioni-

238 985 292 1015 bus
306 989 412 1014 ‘maone
426 983 459 1013 &
474 982 586 1018 antique
607 978 750 1008 Custume
766 976 848 1006 nobis
863 975 1014 1012 concesse,
1033 974 1091 1006 five
1108 972 1300 1012 imposterum

238 1023 323 1053 nobis
337 1007 501 1053 fferedibus
517 1020 549 1050 δε
568 1016 779 1048 Successoribus
791 1013 894 1044 nostris
915 1012 1103 1044 concedende
1122 1013 1177 1042 five
1193 1011 1302 1041 deben-

240 1062 295 1098 de,
313 1059 544 1099 provenientibus
561 1055 753 1086 crescentibus
766 1053 822 1083 five
839 1053 1066 1091 emergentibus,
1085 1051 1157 1081 infra
1176 1050 1301 1081 Portum

244 1099 382 1140 Colcestrie
400 1100 432 1130 &
449 1097 576 1126 Harwici
591 1095 618 1123 in
636 1092 764 1130 predicto
779 1090 932 1121 Comitatu
945 1090 1049 1129 Effex',
1066 1099 1113 1128 per
1126 1088 1230 1120 Manus
1240 1086 1303 1117 Cu-

243 1139 448 1170 stumariorum
461 1135 518 1165 sive
535 1132 736 1164 collectorum
753 1129 918 1160 nostrorum
933 1129 1079 1159 Heredum
1095 1129 1128 1159 δι’,
1151 1126 1303 1158 Successo-

241 1187 305 1208 rum
321 1175 484 1206 nostrorum
499 1173 678 1210 antiquarum
693 1167 828 1200 Custum'
844 1167 1002 1198 nostrarum
1017 1166 1170 1198 Heredum
1187 1167 1220 1197 &
1230 1164 1303 1195 Suc-

245 1215 385 1246 cefforum
399 1212 564 1244 nostrorum
576 1232 585 1247 ,
607 1209 713 1238 ibidem
734 1218 785 1247 pro
801 1216 931 1245 tempore
953 1206 1152 1243 existentium,
1168 1205 1205 1235 ad
1225 1203 1306 1234 Festa

246 1253 349 1292 Pafihe
366 1254 398 1284 &
414 1251 509 1282 samm
525 1247 670 1279 Michaelis
684 1245 867 1283 Archiangeli
885 1255 935 1285 per
950 1245 1061 1283 equales
1082 1243 1237 1274 Portiones
1253 1241 1308 1271 sol-

244 1293 420 1327 vendarum,
436 1291 525 1328 prima
538 1287 688 1317 Solutione
701 1286 766 1316 inde
780 1284 938 1323 incipienda
951 1285 987 1315 ad
994 1283 1063 1314 illud
1080 1281 1198 1313 Festum
1206 1280 1229 1310 F
1231 1279 1307 1310 esto-

245 1341 309 1362 rum
325 1330 518 1369 predictorum
535 1325 613 1364 quod
630 1325 726 1361 primo
745 1326 778 1355 ὃς
794 1323 929 1361 proximo
947 1323 1074 1353 evenerit
1093 1320 1158 1360 post
1175 1319 1307 1349 Mortem

246 1369 366 1408 prediffl
381 1370 490 1395 Comitis
509 1367 610 1394 Rivers
626 1364 682 1393 fine
697 1362 810 1393 Herede
823 1361 950 1392 masculo
964 1361 1000 1391 de
1008 1359 1141 1398 Corpore
1149 1359 1197 1390 suo
1205 1367 1308 1389 exeun-

247 1417 294 1446 te,
314 1408 347 1438 &
361 1414 392 1436 ut
408 1405 520 1444 fignum
535 1403 653 1433 Favoris
662 1400 749 1431 nostri
763 1401 873 1438 regalis,
892 1402 925 1431 ὃ(
935 1409 1066 1439 perpetua
1076 1397 1223 1429 Memoria
1230 1396 1308 1427 Gra-

247 1448 286 1477 tie
305 1443 401 1476 nostre
416 1443 526 1480 prefato
543 1441 643 1470 Thome
652 1443 761 1476 Savage
778 1440 811 1470 &
821 1438 936 1469 Familie
949 1438 1010 1475 sue,
1032 1448 1083 1475 pro
1092 1435 1309 1474 acceptabilibus

248 1484 375 1516 Servitiis
390 1482 442 1512 suis
457 1482 476 1501 '¹‘
495 1479 640 1518 prediffls,
658 1488 713 1517 que
729 1478 821 1509 adhuc
831 1477 931 1514 nobis,
947 1486 977 1507 ut
989 1477 1143 1514 prefertur,
1160 1472 1311 1511 impende-

246 1534 276 1555 re
293 1532 353 1552 non
368 1519 472 1550 desistit
486 1519 629 1554 inhereat,
645 1527 680 1547 ac
696 1516 822 1546 stimulus
837 1524 986 1554 perpetuus
1005 1516 1034 1545 in
1049 1512 1211 1553 hujusmodi
1224 1521 1312 1551 gene-

249 1561 317 1592 rosis
332 1559 484 1590 conatibus
500 1557 631 1595 progredi
647 1556 696 1585 sibi
711 1556 744 1586 &
761 1553 926 1584 Heredibus
942 1553 994 1584 suis
1015 1553 1144 1584 masculis
1159 1550 1313 1591 impresen-

248 1602 351 1631 tiarum
368 1597 528 1635 adjiciatur,
545 1595 580 1625 de
598 1594 722 1624 uberiori
741 1592 840 1623 Gratia
867 1591 964 1623 nostra
986 1591 1112 1631 speciali,
1127 1601 1161 1622 ac
1188 1600 1223 1621 ex
1240 1597 1315 1619 certa

247 1639 374 1670 Scientia
391 1637 423 1667 &
439 1644 519 1666 mero
535 1633 625 1664 Motu
640 1631 760 1670 nostris,
779 1631 918 1669 prefatum
931 1630 1060 1660 Thomam
1068 1633 1176 1667 Savage
1190 1628 1316 1658 Militem

249 1679 283 1710 ὃς
299 1677 483 1708 Batonettum
493 1697 503 1712 ,
520 1674 548 1702 in
563 1674 591 1701 V
591 1674 750 1701 icecomitem
759 1673 865 1707 Savage
874 1671 1012 1700 ereximus
1025 1667 1232 1708 prefecimus&
1241 1675 1316 1697 crea-

250 1717 362 1753 vimus,
379 1724 412 1745 ac
424 1713 515 1750 ipsum
529 1710 660 1741 Thomam
674 1712 785 1746 Savage
801 1711 829 1737 V
829 1711 988 1738 icecomitem
1003 1712 1114 1745 Savage
1135 1715 1233 1736 tenore
1248 1705 1318 1735 Pre-

252 1754 374 1786 sentium
387 1753 521 1791 erigimus
535 1749 696 1792 preficimus
711 1748 743 1779 ὃ(
758 1757 902 1784 creamus,
919 1747 1071 1785 eidemque
1085 1745 1179 1775 Thome
1194 1744 1319 1775 Nomen

255 1793 360 1825 Stilum
377 1791 491 1822 Statum
506 1787 639 1819 Gradum
655 1785 838 1823 Dignitatem
853 1785 989 1816 Titulurn
1003 1787 1036 1816 ὅ(
1052 1785 1206 1815 Honorem
1222 1785 1321 1813 Viceco-

256 1835 332 1863 mitis
348 1833 458 1868 Savage
474 1827 660 1866 imposuimus
673 1825 805 1856 dedimus
821 1825 854 1856 δε
871 1823 1053 1862 prebuimus,
1071 1833 1104 1855 ac
1115 1832 1163 1861 per
1178 1821 1324 1853 Presentes

255 1872 297 1902 im
322 1871 435 1900 onimus
448 1867 549 1898 damus
564 1866 597 1896 &
611 1864 780 1903 prebemu53

330 1906 471 1938 abendum
488 1906 520 1937 ὅ(
535 1903 690 1935 tenendum
706 1902 806 1933 eadem
821 1900 944 1931 Nomen
960 1900 1070 1931 Statum
1080 1899 1183 1931 Stilum
1191 1898 1324 1930 Gradum

258 1947 442 1988 Dignitatem
453 1941 796 1975 Titulum&Honorem
811 1942 973 1970 Vicecomitis
989 1943 1099 1977 Savage
1115 1938 1325 1976 predic‘ti,cum

260 1986 397 2017 omnibus
418 1985 451 2016 &
469 1982 580 2021 singulis
598 1980 836 2022 Prehemiiientiis
855 1978 1042 2016 Honoribus,
1059 1978 1162 2009 ceteris
1176 1987 1210 2007 ue
1231 1975 1324 2014 hujus-

263 2025 347 2056 modi
361 2022 491 2054 Nomini
507 2020 598 2052 statui
613 2019 686 2050 Stilo
703 2018 813 2048 Gradui
827 2016 972 2054 Dignitati
987 2017 1087 2048 Titulo
1100 2017 1132 2046 ὃς
1175 2017 1261 2046 onori
1276 2015 1327 2046 Vi-

262 2062 413 2096 cecomitis
428 2059 631 2098 pertinentibus
646 2057 703 2088 five
716 2056 920 2096 speetantibus,
941 2055 1032 2086 eidem
1048 2054 1146 2086 Thome
1160 2056 1193 2087 ὅ(
1204 2053 1329 2086 Heredi-

265 2103 318 2133 bus
332 2100 459 2131 masculis
471 2098 506 2129 de
519 2097 654 2133 Corpore
668 2096 718 2126 suo
735 2095 900 2125 exeuntibus
915 2096 1141 2132 imperpetuum:

303 2139 456 2175 Volentes,
474 2139 507 2169 &
522 2146 571 2175 per
584 2134 730 2166 Presentes
743 2133 947 2171 concedentes,
963 2143 1016 2170 pro
1031 2133 1115 2163 nobis
1128 2131 1330 2162 Heredibus&

265 2177 482 2210 Successoribus
495 2174 614 2212 nostriS,
633 2173 712 2211 quod
727 2172 820 2202 dietus
833 2171 949 2201 Thomas
961 2174 994 2203 &
1010 2170 1135 2202 Heredes
1155 2171 1195 2200 sui
1214 2170 1329 2201 masculi

267 2217 406 2255 predicti,
425 2215 550 2244 Nomen
565 2212 678 2243 Statum
692 2210 825 2242 Gradum
834 2209 972 2241 Titulum
986 2210 1165 2249 Dignitatem
1179 2209 1212 2240 &
1222 2208 1331 2239 Hono—

269 2265 331 2286 rem
346 2256 514 2284 Vicecomitis
534 2255 646 2288 Savage
661 2249 779 2287 predicti
799 2248 952 2280 succeffive
970 2257 1067 2287 gerant
1088 2249 1120 2279 ὅ(
1140 2248 1278 2285 habeant,
1296 2248 1330 2278 &

271 2304 373 2325 eorum
386 2292 502 2330 quilibet
524 2298 599 2329 gerat
618 2292 651 2320 ὅ(
668 2289 785 2326 habeat,
805 2288 837 2318 δε
854 2297 901 2326 per
914 2287 1039 2318 Nomen
1057 2289 1084 2316 V
1085 2289 1226 2316 icecomitis
1239 2289 1333 2316 Sava-

268 2343 301 2370 ge
319 2330 468 2363 successive
484 2338 625 2360 vocentur
645 2328 677 2358 ὅ(
695 2335 913 2363 nuncupentur,
933 2329 1069 2356 &eorum
1078 2325 1198 2363 quilibet
1213 2334 1332 2355 vocetur

270 2372 303 2401 &
320 2378 516 2406 nuncupetur,
536 2366 671 2405 quodque
685 2367 763 2396 idem
775 2364 929 2395 Thomas&
939 2363 1066 2395 Heredes
1075 2365 1112 2394 sui
1122 2363 1335 2401 masculipredi-

274 2410 315 2441 isti
329 2408 479 2440 successive
495 2408 666 2436 Vicecomites
679 2407 789 2441 Sam-age
803 2404 831 2433 in
853 2403 990 2433 omnibus
1003 2411 1166 2440 teneantur,
1183 2402 1216 2432 &
1233 2411 1264 2432 ut
1281 2400 1335 2432 Vi-

273 2449 428 2479 cecomites
444 2445 597 2476 tractentur
607 2445 640 2475 &
658 2451 839 2480 reputentur,
859 2443 891 2472 &
901 2450 1000 2472 eorum
1015 2441 1132 2479 quilibet
1145 2448 1271 2471 teneatur
1279 2448 1335 2470 tra-

274 2487 368 2518 &etur
384 2486 415 2516 &
427 2492 586 2521 reputetur,
603 2483 780 2518 habeantque
796 2489 911 2511 teneant
927 2480 961 2510 &
978 2479 1136 2518 possideant
1156 2479 1249 2510 dictus
1265 2479 1337 2509 Tho-

275 2536 334 2557 mas
349 2528 375 2554 &
394 2522 519 2554 Heredes
535 2522 573 2552 sui
589 2520 701 2550 masculi
719 2519 854 2557 predusti,
871 2520 904 2550 ὅ(
920 2528 1024 2549 eorum
1047 2518 1164 2556 quilibet
1179 2518 1278 2548 habeat
1295 2526 1337 2548 te-

275 2572 340 2594 neat
353 2564 386 2595 &
401 2560 553 2600 possideat,
569 2559 673 2589 Sedem
691 2557 805 2600 Locum
819 2558 851 2588 ὃ(
869 2558 983 2587 Vocem
999 2558 1026 2586 in
1042 2556 1234 2587 Parliamentis
1243 2558 1273 2586 in
1286 2566 1338 2593 pu-

278 2601 361 2633 blicis
378 2600 514 2630 Comitiis
532 2607 615 2635 atque
635 2596 766 2627 Coniiliis
787 2595 888 2625 nostris
909 2595 1058 2625 Heredum
1076 2596 1109 2626 &
1131 2594 1338 2625 Successorum

280 2640 442 2671 nostrorum
459 2637 529 2667 infra
545 2636 683 2675 Regnum
700 2633 960 2672 nostrumAnglie,
978 2634 1051 2664 inter
1058 2633 1127 2664 alios
1135 2632 1343 2671 Vicecomites,

279 2680 312 2712 ὅ(
326 2687 390 2709 ante
403 2686 503 2707 omnes
516 2674 636 2705 Barones
652 2673 721 2703 dieti
735 2672 830 2711 Regni
848 2673 955 2709 nostri,
974 2681 1003 2702 ut
1018 2675 1046 2701 V
1046 2675 1166 2702 icecomes
1179 2675 1296 2709 Savage.

318 2716 451 2748 Necnon
467 2714 559 2744 dietus
577 2711 710 2749 Thomas,
729 2712 761 2741 &
781 2711 908 2741 Heredes
924 2710 964 2740 sui
984 2710 1097 2741 masculi
1117 2710 1257 2748 predicti,
1274 2719 1342 2748 gau-

281 2756 366 2787 deant
381 2755 415 2785 &
432 2760 566 2788 utantur,
586 2752 618 2782 ὃ(
634 2759 735 2781 eorum
754 2750 872 2787 quilibet
887 2748 1006 2786 gaudeat
1025 2749 1058 2779 δε
1079 2757 1187 2785 utatur,
1205 2758 1255 2786 per
1273 2748 1344 2779 No-

285 2804 354 2826 men
371 2793 539 2823 Vicecomitis
553 2792 680 2826 Savage,
697 2788 835 2818 omnibus
850 2789 883 2819 &
897 2787 1119 2826 fingulisTitulis
1134 2786 1243 2824 Iuribus
1255 2785 1348 2818 Privi-

283 2833 365 2870 legiis
381 2829 621 2862 Preheminentiis
636 2825 908 2858 &immunitatibus
918 2825 1196 2856 statuiVicecomitis
1213 2827 1241 2855 in
1248 2828 1346 2856 omni—

282 2873 336 2902 bus
350 2871 401 2901 rite
414 2870 447 2901 &
462 2868 497 2899 de
514 2868 577 2906 jure
595 2866 796 2903 pertinentibus
818 2866 921 2903 quibus
943 2865 1030 2895 ceteri
1055 2863 1252 2895 Vicecomites
1274 2865 1343 2895 dicti

282 2909 380 2948 Regni
398 2906 488 2938 nostri
502 2914 566 2936 ante
580 2905 634 2934 hec
647 2912 780 2940 tempora
794 2903 894 2933 melius
906 2902 1054 2934 decentius
1067 2902 1344 2934 honorificentius&

282 2947 403 2989 quietius
417 2946 455 2976 ufi
471 2945 533 2975 sunt
547 2945 580 2975 &
593 2942 679 2981 gavisi
693 2941 738 2972 seu
753 2942 783 2972 in
798 2941 918 2979 presenti
932 2941 1055 2981 gaudent
1069 2942 1102 2972 &
1119 2950 1245 2972 utuntur.

323 2985 361 3016 Et
382 2985 465 3023 quia,
483 2982 626 3013 crescente
647 2980 741 3011 Status
761 2981 795 3011 &
816 2979 973 3017 Dignitatis
993 2979 1175 3017 celsitudine,
1194 2979 1347 3011 necessario

285 3024 416 3056 crescunt
429 3022 566 3063 Sumptus
580 3020 612 3049 &
628 3018 726 3062 Onera
741 3018 903 3056 grandiora,
922 3019 955 3049 &
971 3027 1002 3049 ut
1018 3019 1094 3049 idem
1111 3018 1226 3048 Thomas
1240 3018 1346 3050 &He-

285 3063 365 3094 redes
380 3062 420 3092 sui
439 3058 557 3090 masculi
578 3056 696 3099 predidti
713 3057 810 3087 melius
824 3056 968 3087 decentius
984 3058 1016 3087 δε
1038 3056 1271 3087 honorificentius
1285 3057 1347 3087 Sta-

286 3111 350 3132 tum
366 3099 518 3132 Honorem
533 3097 566 3127 &
589 3095 771 3132 Dignitatem
791 3097 958 3124 Vicecomitis
977 3098 1102 3132 Savage,
1126 3104 1159 3125 ac
1182 3095 1280 3126 Onera
1299 3095 1347 3133 ipfi

285 3140 386 3171 Thome
404 3139 437 3170 &
452 3135 616 3167 Heredibus
630 3133 682 3163 suis
694 3132 823 3163 masculis
839 3133 970 3170 prediffis
988 3134 1202 3171 incumbentia,
1219 3143 1348 3165 manute-

287 3189 356 3210 nere
369 3179 403 3209 ὃς
416 3176 580 3244 sucplportare
600 3172 783 3214 valeanun&
807 3181 909 3202 eorum
931 3171 1049 3209 quilibet
1069 3171 1178 3210 valeat,
1203 3172 1285 3211 ideo,
1312 3173 1348 3204 de

288 3216 422 3254 ampliori
471 3214 535 3244 ratia
550 3211 664 3248 nostra,
681 3208 852 3240 dedimus&
864 3209 1072 3247 conceffimus,
1091 3220 1124 3240 ac
1139 3220 1189 3248 per
1197 3210 1349 3249 Presentes,

289 3265 344 3294 pro
358 3255 441 3284 nobis
456 3250 618 3282 Heredibus
629 3248 662 3279 &
677 3247 888 3278 Succefforibus
900 3248 1018 3285 nostris,
1037 3247 1137 3278 damus
1155 3250 1189 3280 &
1210 3250 1349 3280 concedi-

290 3303 356 3324 mus
378 3291 485 3330 prefato
505 3288 603 3320 Thome
616 3288 649 3319 ὅ(
666 3286 829 3316 Heredibus
851 3286 978 3316 masculis
995 3286 1046 3316 suis
1068 3286 1200 3324 predictis
1218 3288 1363 3318 Feodum'

290 3333 347 3362 five
361 3330 509 3360 annualem
525 3326 685 3358 Redditum
701 3323 839 3364 tresdecim
854 3325 1005 3354 Librarum
1017 3323 1071 3363 fix
1087 3324 1235 3355 Solidorum
1249 3324 1351 3360 &030

292 3372 479 3400 Denariorum
495 3366 589 3405 legalis
603 3363 727 3394 Monere
739 3362 859 3400 Anglie,
879 3363 1042 3393 habendum
1060 3363 1210 3393 levandum
1233 3365 1265 3394 ὃς
1288 3375 1352 3402 per-

292 3407 457 3448 cipiendum
470 3404 613 3435 annuatim
626 3401 737 3432 dietum
746 3401 768 3431 F
770 3402 874 3430 eodum
887 3401 942 3431 sive
956 3401 1104 3431 annualem
1115 3401 1274 3433 Redditum
1284 3402 1352 3442 tres-

295 3448 377 3479 decim
393 3444 538 3474 Librarum
544 3442 597 3481 sex
613 3440 761 3471 Solidorum
779 3441 812 3470 ὃς
827 3440 883 3468 οέῖσ
892 3442 1075 3468 Denari'orum
1112 3441 1199 3471 refato
1211 3444 1238 3470 T
1234 3440 1351 3474 home&

296 3483 461 3517 Heredibus
474 3482 525 3512 suis
539 3480 665 3511 masculis
680 3477 828 3517 predictis,
846 3477 883 3507 de
900 3477 1027 3508 Exitibus
1038 3477 1082 3507 Re
1103 3478 1205 3508 ditibus
1215 3478 1353 3511 Proficuis

297 3526 331 3555 &
348 3520 576 3553 Reventionibus
592 3518 710 3555 nostris,
727 3515 876 3546 Heredum
899 3517 933 3547 ὅ(
949 3515 1150 3546 Succefforum
1169 3517 1334 3549 nostrorum
1345 3542 1354 3557 ‚

298 3560 531 3600 provenientibus
547 3556 737 3587 crescentibus
753 3555 807 3585 five
831 3555 1036 3592 emergentibus
1057 3554 1127 3584 infra
1143 3554 1284 3586 Comitat'
1300 3568 1354 3588 no-

300 3600 389 3632 strum
408 3597 523 3637 Cestrie,
540 3605 589 3634 per
604 3595 709 3625 Manus
725 3592 913 3623 Vicecomitis
930 3592 998 3622 dieti
1014 3590 1174 3622 Comitatus
1189 3593 1286 3632 cestrie
1302 3606 1356 3632 pro

299 3646 428 3676 tempore
443 3634 604 3670 existentis,
622 3633 656 3663 ad
675 3632 754 3663 Festa
769 3630 868 3670 Pafihe
883 3628 921 3665 όν
934 3631 1030 3660 Sancti
1042 3630 1357 3672 MichaelisArchange-

298 3676 319 3707 Ii
334 3676 413 3712 equis
427 3673 610 3704 Portionibus
624 3670 759 3707 solvend',

339 3714 482 3743 Volumus
496 3712 596 3747 eti-ani,
615 3710 675 3740 ἃς.
697 3708 799 3746 abi'que
817 3706 872 3737 fine
889 3708 920 3737 in
934 3705 1114 3745 Hanaperio,
1130 3708 1192 3739 &c.

340 3750 386 3780 Eo
398 3749 476 3787 quod
491 3747 614 3787 expressa
631 3748 757 3784 mentio,
775 3747 835 3777 &c.

339 3788 374 3819 ln
393 3788 472 3824 cujus
491 3788 546 3823 rei,
565 3787 625 3818 &c.

339 3861 429 3894 Teste
446 3861 531 3901 Rege
544 3862 618 3900 apud
633 3859 908 3902 Westmonasterium,
924 3867 1025 3899 quarto
1036 3860 1079 3890 die
1094 3860 1268 3892 Novembris.

728 3939 781 3967 Per
799 3938 893 3967 Breve
910 3936 943 3967 de
960 3939 1082 3969 Privato
1098 3936 1199 3976 Sigilla.

620 36 1440 85 CONVENTIONES‚

1497 33 1889 82 LITERAE,

1366 218 1391 244 *
1410 220 1459 252 De
1483 216 1655 261 Conceffione
1681 217 1802 264 Regalis
1825 214 2017 249 Proteblionis
2039 216 2148 248 Comiti
2172 215 2336 264 Desmond.

2408 100 2526 137 Ana-D

2428 141 2517 174 1626.
2532 171 2534 174 ,

2412 185 2466 209 An.
2483 191 2511 212 ι..
2530 178 2534 183 “

2418 224 2481 247 Car.
2503 231 2526 253 ι,

2410 259 2536 303 *XVssif

1326 302 1472 358 REX,
1488 304 1551 334 &c.
1575 302 1738 334 Predileeto
1762 303 1795 333 &
1817 310 1954 340 perquam
1978 300 2054 331 fideli
2081 299 2249 331 Confiiiario
2274 302 2390 342 nostro,
2410 298 2474 333 785-

1405 341 1502 372 Thome
1517 345 1663 372 Coventrie
1681 339 1770 370 Militi
1786 339 1911 371 Custodi
1926 339 2029 379 Magni
2050 339 2142 379 sigilli
2163 338 2251 369 nostri
2265 341 2387 380 Anglie,

2410 336 2489 366 Ann.
2503 328 2536 366 D*

1325 387 1441 410 necnon
1457 379 1636 419 Thesburario
1655 378 1743 423 nostro
1757 378 1882 416 Anglie,
1899 388 1932 409 ac
1956 377 2143 415 cancellario,
2162 377 2389 418 Subthe’fhmario
2435 364 2536 407 1626.ι

1325 417 1359 447 &
1373 419 1529 448 Baronibus
1545 419 1686 450 Scaccarii
1703 417 1808 456 nostri,
1826 416 1947 456 capitali
1960 416 2122 456 Justitiario
2137 416 2235 447 nostro
2249 418 2282 448 ad
2305 420 2391 456 placi—

2415 420 2470 444 An.
2490 425 2518 443 2.

1326 464 1356 500 ta
1371 467 1470 502 coram
1483 457 1567 502 nobis
1581 456 1701 488 tenenda
1716 455 1852 494 assignato
1863 478 1873 493 ,
1889 465 1923 486 ac
1940 457 2076 486 omnibus
2089 455 2240 494 judicibus
2260 459 2293 488 &
2305 457 2393 495 justi-
2413 460 2481 484 Car.
2506 463 2530 487 ι,

1327 502 1410 527 tiariis
1424 495 1526 526 nostris
1540 506 1619 526 nunc
1633 497 1666 528 &
1684 505 1737 533 pro
1751 503 1881 532 tempore
1895 493 2094 532 existentibus,
2113 505 2148 525 ac
2157 496 2332 527 omnibus&
2341 496 2396 526 fin-
2419 501 2480 524 ΡΜ.
2498 503 2524 522 ².

1328 535 1400 579 gulis
1413 534 1575 578 Majoribus
1584 558 1593 571 ,
1605 534 1854 570 Vicecomitibus,
1873 531 2000 568 Ballivis,
2016 533 2255 572 Constabulariis,
2264 534 2399 565 Servien-

1331 574 1425 611 tibus,
1443 574 1476 604 &
1491 573 1549 603 aliis
1564 571 1720 603 Officiariis
1735 572 1767 602 &
1784 570 1926 601 Ministris
1941 571 2060 609 nostris,
2078 582 2112 602 ac
2125 572 2185 602 aliis
2194 572 2323 605 Personis
2338 574 2400 613 qui-

1330 611 1515 649 buscunque,
1533 611 1568 642 ad
1586 621 1658 649 quos
1673 610 1818 641 Presentes
1839 609 1937 640 Litere
1952 611 2147 648 pervenerint,
2168 610 2307 650 Salutem,

1367 650 1467 681 Sciatis
1482 649 1560 690 quod
1576 660 1646 688 nos,
1665 659 1717 687 pro
1732 648 1844 679 diverfis
1859 648 1945 678 bonis
1962 647 2058 678 Causis
2072 649 2104 679 &
2116 648 2401 682 Confiderationibus

1332 698 1388 720 nos
1414 689 1449 719 ad
1467 688 1576 728 presens
1599 688 1751 726 specialiter
1766 687 1969 723 moventibus,
1991 696 2025 717 ac
2052 696 2086 717 ex
2111 686 2291 727 Prerogativa
2315 690 2400 729 regali

1335 729 1435 771 (quam
1448 728 1525 766 argui
1541 727 1686 762 nolumus)
1703 736 1756 756 nec
1770 736 1830 756 noti
1852 726 1888 755 de
1910 724 2116 756 Advisamento
2139 725 2248 758 Privati
2269 718 2399 759 Concilii

1332 764 1440 803 nostri,
1459 765 1497 809 de
1509 765 1609 796 Gratia
1618 764 1715 795 nostra
1723 764 1854 803 speciali,
1869 773 1902 795 ac
1918 773 1952 794 ex
1963 772 2039 795 certa
2051 765 2175 795 Scientia
2190 766 2224 796 &
2233 775 2315 797 mero
2323 767 2400 798 Mo·-

1333 812 1365 834 tu
1382 804 1500 840 nostris,
1518 804 1706 840 predileeturn
1723 805 1757 834 &
1772 812 1909 842 perquam
1930 803 2046 833 fidelem
2068 802 2322 842 Consanguineum
2344 816 2400 837 no-

1335 841 1424 872 strum
1440 842 1584 872 Ricardum
1597 845 1726 871 Comitem
1740 840 1898 881 Desmond,
1916 851 1950 872 ac
1966 851 2070 872 omnes
2092 842 2125 872 &
2140 841 2265 879 fingulos
2290 844 2401 875 Manu-

1338 889 1468 924 captores
1485 881 1547 911 suos
1562 881 1595 911 δε
1609 880 1673 910 alias
1688 879 1843 918 Personas,
1861 881 1911 917 qui
1929 890 1982 917 pro
1995 880 2090 918 aliquo
2106 880 2235 920 Debito,
2253 890 2301 913 aut
2312 882 2406 921 aliqua

1336 918 1425 963 Causa
1437 919 1517 958 ipsius
1530 921 1643 962 Comitis
1654 916 1796 956 Desmond
1809 927 1857 956 per
1871 918 1897 947 se
1907 941 1917 955 ,
1934 927 1980 948 aut
2003 919 2187 958 conjunfflm
2203 930 2274 951 cum
2295 922 2402 952 eodem

1336 957 1456 988 Comite
1469 966 1514 988 aut
1530 965 1598 987 cum
1609 957 1701 995 aliqua
1715 956 1767 985 alia
1779 955 1965 987 Personafive
1973 957 2172 994 aliquibusaliis
2187 958 2315 990 Personis
2324 960 2403 991 obli-

1337 1004 1458 1034 gantur,
1477 1005 1523 1026 aut
1534 996 1631 1034 aliquo
1649 994 1741 1025 modo
1756 1003 1915 1031 teneantur,
1936 996 2188 1034 perquodcurique
2204 997 2328 1030 Nomen
2345 999 2403 1030 five

1337 1045 1386 1072 per
1402 1044 1573 1074 quecunque
1589 1033 1723 1064 Nomina
1736 1033 1793 1063 five
1808 1032 1953 1063 additione
1967 1032 2075 1063 Nomi*
2086 1035 2107 1064 is
2125 1036 2172 1066 vel
2187 1035 2384 1076 Cogiiomitiis

1337 1073 1467 1104 Honoris
1480 1073 1636 1110 Dignitatis
1653 1071 1755 1102 Officii
1773 1071 1849 1100 Artis
1865 1070 1987 1100 Misterii
2004 1071 2070 1103 Loc
2096 1074 2141 1103 vel
2159 1074 2307 1106 Locorum
2324 1061 2404 1107 iderti

1339 1112 1471 1142 Ricardus
1485 1115 1576 1141 Comes
1592 1109 1734 1150 Definimd
1745 1110 1778 1140 &
1787 1109 2010 1147 Manucaptores
2017 1109 2057 1140 sui
2070 1111 2188 1148 predii‘Jti
2204 1114 2324 1145 sciantur
2335 1125 2406 1146 cen-

1339 1150 1447 1182 seantur
1461 1159 1599 1181 vocentur
1613 1150 1670 1180 sive
1684 1157 1902 1187 nuncupentur,
1921 1156 1969 1178 aut
1987 1157 2091 1179 eorum
2107 1149 2205 1188 aliquis
2219 1152 2318 1184 sciatur
2334 1164 2405 1185 cen-

1339 1189 1428 1220 seatur
1444 1198 1563 1220 vocetur
1579 1188 1634 1219 five
1645 1196 1845 1225 nuncupetur,
1923 1189 1925 1191 ’

1362 1228 1507 1272 'Necnon
1523 1228 1621 1257 omnia
1635 1227 1667 1257 &
1681 1226 1784 1265 singula
1800 1226 1907 1256 Terras
1915 1224 2100 1256 Tenementa
2109 1224 2189 1257 Bona
2205 1226 2316 1260 Catalla
2324 1229 2407 1261 Red-

1340 1266 1413 1297 ditus
1422 1266 1589 1296 Annuitates
1604 1266 1636 1296 &
1651 1263 1840 1296 Posieffiones
1855 1273 2027 1301 quecunque
2042 1264 2286 1297 dieliComitis&
2297 1266 2407 1299 Manu-

1340 1315 1494 1343 captorum
1509 1304 1623 1335 suorum
1647 1304 1862 1343 psalmorum,
1882 1304 1915 1333 &
1933 1312 2034 1333 eorum
2049 1304 2245 1341 quorumlibet
2263 1306 2297 1337 &
2313 1307 2409 1345 eujui-

1341 1343 1428 1381 libet,
1446 1345 1475 1374 in
1488 1343 1703 1373 protectionem
1719 1343 1751 1372 ὃ(
1768 1341 1974 1372 Defensionem
1988 1340 2115 1372 nostram
2126 1341 2270 1382 Regiam,
2289 1345 2409 1377 durante

1342 1384 1466 1412 termino
1473 1382 1527 1421 fix
1541 1380 1677 1422 Menfium
1694 1381 1823 1419 proxime
1837 1379 2014 1418 sequentium
2026 1380 2091 1418 post
2106 1381 2214 1413 Datam
2229 1382 2410 1416 Presentium

1343 1419 1531 1458 suscepimus,
1549 1429 1584 1451 ac
1598 1420 1709 1449 idcirco
1723 1419 1856 1450 volumus
1869 1427 1921 1456 ac,
1938 1427 1988 1457 per
2002 1418 2159 1458 Presentes,
2179 1421 2262 1451 vobis
2277 1422 2311 1452 &
2327 1423 2412 1453 cuili-

1344 1460 1394 1490 bet
1408 1458 1535 1489 vestrum
1553 1459 1722 1497 precipimus
1738 1458 1771 1488 &
1787 1457 1965 1494 mandamus,
1983 1457 2063 1494 quod
2077 1459 2226 1495 praefitum
2239 1462 2412 1493 Comitem&

1347 1496 1574 1535 Manucaptores
1588 1497 1651 1527 suos
1664 1495 1825 1535 predicios,
1840 1505 1955 1524 necnon
1970 1497 2069 1525 omnia
2083 1498 2116 1527 &
2133 1497 2240 1537 singula
2256 1498 2302 1531 sua
2316 1501 2349 1531 ὃς
2361 1511 2412 1531 eo-

1347 1546 1412 1567 rum
1434 1535 1579 1574 cujussibet
1604 1536 1637 1567 ὃς
1655 1534 1852 1573 quorumlibet
1877 1533 1981 1563 Terras
1995 1534 2178 1567 Tenementa
2200 1537 2281 1568 Bona
2302 1538 2412 1570 Catalla

1349 1574 1494 1606 Redditus
1510 1574 1678 1605 Annuitates
1692 1574 1725 1604 &
1741 1571 1944 1610 Poffeffioncs,
1962 1574 2112 1610 protegatis
2127 1574 2161 1605 ὃς
2173 1575 2326 1608 defendatis
2350 1588 2414 1609 non

1351 1615 1545 1653 permittentes
1565 1612 1656 1650 ipsum
1671 1612 1717 1643 vel
1733 1611 1807 1648 ipsos
1823 1619 1871 1641 aut
1886 1619 1988 1640 eorum
2006 1610 2131 1648 aliquem
2151 1614 2196 1644 vel
2216 1615 2249 1645 ali
2273 1601 2344 1646 uos,
2357 1627 2412 1655 pro

1351 1652 1450 1690 aliquo
1468 1652 1579 1682 Debito
1602 1659 1648 1681 aut
1665 1650 1755 1688 aliqua
1777 1648 1867 1679 Causa
1892 1649 1974 1686 ipsius
1996 1652 2108 1680 Comitis
2125 1651 2243 1690 Desmon
2269 1675 2279 1690 ,
2295 1639 2414 1686 du’rante

1352 1692 1476 1722 termino
1491 1689 1636 1730 predicto,
1651 1688 1779 1719 insectari
1793 1686 1937 1719 molestari
1954 1689 2046 1717 vexari
2060 1689 2185 1720 arrestari
2197 1693 2343 1724 attachiari
2358 1695 2416 1725 im-

1352 1729 1486 1768 prisonari
1506 1728 1629 1767 distringi
1652 1737 1700 1758 aut
1723 1727 1821 1764 aliquo
1840 1726 1931 1756 modo
1947 1728 2053 1764 gravari
2075 1727 2200 1765 (Placitis
2225 1729 2355 1763 Materiis
2379 1734 2416 1765 ὃς

1356 1768 1456 1799 Caiifis
1472 1768 1508 1798 de
1521 1777 1568 1800 aut
1572 1776 1636 1836 ¹gro
1652 1766 1820 1796 Proditione
1835 1765 1952 1795 Feloriia
1967 1766 2001 1795 ὅς
2019 1766 2076 1795 aliis
2092 1765 2190 1797 Cauiis
2206 1769 2400 1802 criminalibus

1356 1817 1389 1838 ac
1402 1807 1508 1846 placitis
1521 1807 1556 1836 de
1605 1813 1669 1843 ote,
1688 1805 1764 1836 unde
1779 1804 1850 1834 nihil
1866 1804 1968 1843 habet,
1986 1813 2072 1841 quare
2089 1805 2128 1834 im
2151 1805 2225 1844 edit,
2245 1794 2416 1840 AssisisNo3

1358 1856 1395 1877 ve
1417 1845 1583 1883 Diffeifirie,
1602 1844 1725 1877 Darrein
1750 1842 1959 1879 Presentment,
1985 1843 2019 1873 ὃς
2039 1843 2121 1874 Attin
2154 1845 2192 1882 is,
2214 1848 2419 1880 tantummodo

1358 1885 1494 1924 exceptis)
1516 1885 1548 1915 ὃς
1562 1885 1580 1914 si
1600 1883 1842 1921 impedimentum
1856 1880 1988 1919 aliquod,
2003 1891 2049 1913 aut
2062 1882 2153 1920 aliqua
2173 1883 2339 1916 Molestatio
2361 1886 2421 1917 Ve-

1360 1925 1435 1954 xatio
1444 1923 1598 1954 Arrestatio
1607 1921 1873 1952 Attachiamentum
1889 1919 2040 1950 Distriffio
2053 1921 2107 1951 sive
2124 1921 2263 1953 inhibitio
2299 1925 2330 1955 in
2342 1925 2421 1963 super

1360 1971 1407 1993 aut
1423 1962 1515 1994 versus
1528 1964 1669 2001 prefatum
1685 1962 1814 1989 Comitem
1828 1967 1877 1989 aut
1894 1958 2117 1998 Manucaptoies
2125 1961 2189 1992 suos
2200 1971 2248 1993 aut
2262 1947 2362 1994 e'orum
2371 1964 2422 1995 aii-

1361 2011 1450 2040 quem
1470 2001 1512 2031 vel
1530 2001 1652 2039 aliquos,
1678 2008 1711 2030 ex
1730 1997 1828 2028 Caufis
1843 1997 1975 2035 predictis
1993 2006 2038 2029 aut
2060 2008 2156 2030 earum
2176 1999 2266 2040 aliqua
2285 2003 2424 2043 (exceptis

1361 2040 1543 2078 preexceptis)
1570 2038 1666 2069 habita
1689 2037 1761 2068 fasta
1780 2036 1885 2067 reddita
1903 2036 1959 2066 five
1973 2037 2130 2074 adjudicata
2147 2038 2181 2069 fit
2201 2039 2247 2070 vel
2269 2041 2352 2072 fuerit
2389 2050 2422 2072 ea

1361 2079 1461 2109 omnia
1483 2080 1516 2109 δε
1536 2077 1640 2116 singula
1655 2075 1736 2107 dieto
1754 2078 1855 2105 Comiti
1878 2073 2020 2113 Defiaond
2037 2077 2070 2108 ὃς
2092 2076 2350 2116 Manumptoribus
2362 2064 2424 2111 ³suis

1363 2117 1512 2162 predie’tis,
1531 2117 1563 2147 ἃ
1578 2125 1680 2159 eorum
1693 2114 1905 2158 quibussibet&
1919 2113 2052 2152 cuilibet,
2073 2114 2128 2144 sine
2140 2117 2274 2148 dilatione
2287 2119 2425 2150 emenda-

1365 2166 1456 2225 rihac
1473 2155 1613 2224 ipsufm‘&
1635 2153 1707 2192 ipsos
1719 2154 1785 2184 inde
1802 2153 1927 2191 liberari,
1946 2153 1980 2183 &
1995 2153 2029 2184 ad
2051 2153 2202 2191 pristinum
2215 2156 2328 2188 Statum
2342 2157 2425 2190 suum

1363 2206 1391 2226 re
1417 2205 1503 2225 aurati
1536 2203 1638 2224 aciatis.

1402 2232 1439 2263 Et
1453 2233 1564 2264 ulterius
1577 2233 1710 2263 volumus
1724 2231 1758 2262 ὃς
1773 2229 1964 2261 concedimus
1975 2240 2025 2268 per
2038 2230 2180 2263 Presentes
2193 2233 2270 2271 quod
2283 2233 2429 2274 predictus

1365 2275 1456 2302 Comes
1472 2270 1614 2311 Definond
1629 2271 1662 2302 &
1679 2270 1901 2306 Manucaptores
1918 2269 1957 2299 sui
1973 2271 2006 2300 &
2025 2278 2126 2300 eorum
2141 2272 2276 2310 quilibet,
2290 2282 2344 2303 nec
2364 2283 2427 2304 non

1365 2311 1458 2341 Terre
1471 2311 1653 2341 Tenemerita
1671 2308 1749 2338 Bona
1766 2307 1873 2338 Catalla
1888 2306 2029 2338 Redditus
2044 2309 2211 2340 Annuitates
2225 2310 2257 2340 δε
2273 2310 2425 2342 Polleffio-

1367 2359 1416 2380 nes
1429 2349 1472 2393 sua
1486 2350 1519 2381 &
1534 2358 1634 2379 eorum
1651 2346 1844 2385 quorumlibet
1859 2347 1891 2378 δε
1909 2346 2071 2384 cujussibet,
2088 2347 2124 2377 de
2144 2347 2178 2377 &
2193 2348 2228 2377 ab
2241 2349 2377 2380 omnibus
2392 2350 2428 2382 &

1368 2388 1483 2424 singulis
1510 2388 1625 2418 Placitis
1640 2386 1730 2416 Sedtis
1749 2384 1880 2423 Qerelis
1894 2384 2045 2415 Sententiis
2066 2385 2186 2422 ‚iudiciis
2203 2384 2429 2419 ExecutIonibus

1370 2426 1608 2457 Distriffionibus
1618 2424 1852 2455 Attachiamentis
1865 2422 2115 2461 Inquietationibus
2128 2425 2161 2455 &
2172 2422 2432 2463 Impriionamentis

1371 2465 1600 2534 quibuscunque,
1618 2473 1671 2502 pro
1684 2463 1821 2492 omnibus
1842 2463 1876 2492 &
1889 2461 2064 2491 omnimodis
2078 2460 2190 2493 Debitis
2205 2464 2239 2494 &
2254 2464 2350 2496 Cauiis
2367 2476 2431 2505 pre-

1394 2505 1441 2534 icti
1456 2506 1568 2533 Comitis
1583 2501 1723 2541 Desmona'
1739 2500 1876 2536 (exceptis
1890 2500 2072 2537 preexceptis)
2089 2501 2202 2537 penitus
2216 2502 2325 2536 liberati
2340 2506 2432 2537 &ac-

1373 2543 1489 2582 quietati
1505 2542 1556 2571 fint
1572 2542 1605 2571 ὅ(
1620 2541 1709 2577 erint,
1727 2539 1758 2569 sit
1771 2540 1805 2570 &
1818 2539 1871 2568 erit
1884 2538 2001 2568 durante
2016 2539 2142 2568 termino
2158 2540 2298 2577 pretim-0,

1413 2580 1555 2611 Volumus
1571 2580 1675 2617 etiam,
1692 2586 1725 2607 ac
1742 2587 1791 2614 per
1816 2576 1958 2606 Presentes
1977 2576 2166 2616 precipimus,
2186 2579 2218 2608 δε
2241 2579 2351 2617 plenam
2379 2583 2433 2612 Ρο-

1374 2618 1500 2649 testatem
1515 2620 1548 2650 ὃς
1564 2617 1779 2648 Authoritatem
1796 2613 1895 2644 damus
1908 2615 1942 2644 &
1957 2616 2162 2653 concedimus,
2181 2618 2350 2649 cancellario
2365 2624 2435 2651 Am

1372 2656 1427 2694 glie
1443 2656 1482 2692 ὠ,
1506 2655 1611 2694 Custodi·
1630 2658 1732 2692 Magni
1749 2653 1837 2690 Sigilli
1853 2651 1937 2690 nostri
1948 2652 2052 2690 Anglre
2069 2663 2121 2691 pro
2140 2664 2270 2695 tempore
2290 2658 2436 2690 existenti-

1377 2697 1447 2732 bus,
1465 2705 1498 2726 ac
1521 2693 1698 2734 Theshuraerio
1715 2691 1884 2722 Cancellario
1901 2692 1934 2721 ὃς
1960 2692 2115 2722 Baronibus
2132 2696 2264 2724 Scaccarii
2280 2695 2363 2736 ncfiri
2382 2708 2437 2735 pro

1378 2743 1511 2771 tempore
1528 2732 1730 2768 existentibus,
1746 2740 1800 2761 nec
1814 2739 1876 2760 non
1899 2730 2034 2760 omnibus
2056 2732 2089 2761 &
2111 2731 2219 2771 singulis
2232 2734 2383 2771 judicibus
2400 2737 2435 2767 δε

1374 2771 1530 2811 Justitiariis
1544 2771 1643 2801 nostris
1657 2779 1709 2808 pro
1725 2777 1855 2807 tempore
1869 2767 2050 2798 existentibus
2068 2770 2102 2800 &
2115 2780 2213 2801 eorum
2237 2773 2352 2804 cuilibet
2387 2775 2436 2806 cui

1379 2811 1424 2841 vel
1440 2811 1541 2848 quibus
1559 2809 1728 2847 pertinebit,
1747 2806 1826 2845 quod
1851 2806 1902 2843 ipsi
1917 2807 1951 2837 &
1969 2816 2069 2837 eorum
2092 2809 2226 2848 quilibet,
2244 2811 2323 2849 super
2346 2797 2436 2844 sdlarn

1378 2848 1654 2880 demonstrationem
1668 2847 1768 2877 harum
1783 2846 1943 2886 Literarqm
1958 2845 2117 2876 nostrarum
2133 2848 2293 2879 Parentium
2332 2851 2377 2882 vel
2395 2851 2440 2882 Ir-

1377 2888 1596 2918 rotulamentum
1613 2885 1783 2921 earundem,
1810 2893 1912 2914 omnes
1930 2885 1964 2915 &
1990 2884 2106 2923 fingulas
2123 2885 2220 2917 Seetas
2237 2889 2270 2919 ὃς
2286 2873 2439 2921 P'roceffua

1379 2936 1435 2964 que
1450 2927 1541 2957 versus
1561 2926 1700 2964 prefatum
1717 2926 1846 2952 Comitem
1862 2929 1909 2952 aut
1935 2921 2157 2961 Manucaptores
2173 2926 2191 2944 ἦ*
2208 2926 2271 2957 suos
2294 2928 2438 2966 predictos

1379 2975 1424 2995 aut
1443 2974 1544 2996 eorum
1558 2964 1680 3002 aliquem
1694 2961 1739 2992 vel
1753 2961 1873 2999 aliquos,
1889 2968 1936 2990 aut
1948 2960 2051 2991 Terras
2058 2962 2240 2995 Teiiementa
2253 2965 2332 2996 Bona
2343 2965 2438 2998 Catal-

1379 3004 1405 3034 la
1421 3003 1561 3033 Redditus
1577 3001 1744 3033 Annuitates
1756 3000 1802 3030 vel
1816 2998 2003 3029 Poffeffiones
2018 3000 2074 3030 suas
2092 3011 2138 3033 aut
2157 3012 2259 3033 eorum
2277 3004 2441 3042 aliquorum

1381 3042 1425 3073 vel
1441 3042 1574 3079 alicujus,
1591 3050 1644 3077 pro
1661 3039 1755 3076 aliquo
1769 3037 1880 3067 Debito
1893 3045 1939 3068 aut
1950 3038 2042 3077 aliqua
2050 3037 2140 3070 Causa
2154 3041 2238 3080 ipfius
2250 3045 2362 3074 Comitis
2369 3044 2443 3084 Des:

1381 3081 1464 3111 mand
1479 3080 1614 3118 (exceptis
1627 3076 1988 3120 preexceptislattemptari
2007 3076 2089 3115 ‘dirigi
2107 3086 2155 3109 aut
2173 3080 2301 3118 prosequi
2318 3081 2425 3120 poffint

1382 3119 1499 3149 durante
1512 3119 1638 3148 termino
1651 3114 1796 3158 predicte,
1816 3115 1964 3145 inhibeant
1979 3114 2211 3152 supersedeant&
2225 3107 2442 3152 discontinuant²

1383 3166 1429 3188 aut
1442 3157 1565 3188 inhiberi
1581 3155 1613 3186 &
1627 3154 1825 3185 discontinuari
1837 3153 1938 3184 facient
1953 3155 1987 3184 δε
2003 3154 2175 3194 causabunt,
2190 3157 2278 3188 faciet
2297 3159 2331 3189 &
2348 3146 2443 3191 caiisa1

1383 3198 1443 3233 bit,
1461 3197 1494 3226 ὅ(
1510 3195 1568 3224 hoc
1586 3192 1689 3231 absque
1706 3192 1800 3230 aliquo
1819 3191 1873 3221 alio
1891 3192 2044 3222 &Varranto
2059 3193 2105 3223 vel
2124 3193 2341 3228 Commiffione
2356 3209 2371 3228 a
2386 3208 2442 3228 no-

1384 3235 1426 3264 bis
1445 3235 1472 3263 in
1491 3243 1523 3263 ea
1539 3232 1620 3263 Parte
1645 3230 1827 3268 procurandis
1850 3239 1896 3261 aut
1914 3230 2092 3268 obtinendis3
2110 3232 2207 3271 aliquo
2232 3234 2342 3266 Statuto
2360 3235 2442 3273 Lege

1385 3272 1574 3302 Ordinatione
1591 3269 1807 3300 Consuetudine
1832 3269 1897 3299 Usu
1915 3268 2119 3311 prescriptione
2137 3272 2183 3301 vel
2199 3272 2444 3313 Proclamatione,

1383 3311 1503 3381 ᾗηῑεὶζιὲε
1517 3309 1595 3340 saetis
1611 3309 1691 3340 editis
1704 3308 1837 3339 ordinatis
1852 3307 1910 3338 five
1924 3308 2060 3346 provilis,
2078 3309 2107 3338 in
2123 3311 2296 3342 contrarium
2309 3321 2371 3342 non
2387 3312 2442 3343 ob·

1409 3358 1465 3380 anti
1487 3358 1527 3380 us.

1424 3426 1458 3457 In
1477 3426 1555 3463 cuius
1573 3426 1611 3454 rei
1628 3423 1845 3453 Testimonium
1861 3422 1910 3452 has
1928 3421 2034 3453 Literas
2051 3423 2159 3454 nostras
2177 3424 2233 3454 fieri
2251 3423 2374 3456 fecimus
2389 3426 2443 3458 Pa.

1386 3475 1474 3498 tentes
1486 3487 1495 3501 ,
1522 3463 1717 3508 protermiiio
1729 3462 1782 3501 fix
1801 3460 1938 3505 Menfium
1956 3462 2280 3500 proxime-*sequentium
2297 3463 2362 3501 post
2381 3465 2445 3498 Da.

1387 3514 1445 3536 tam
1462 3502 1660 3539 Presentium,
1678 3500 1711 3531 &
1729 3509 1787 3530 non
1807 3499 1909 3530 diutius
1920 3523 1930 3538 ,
1948 3501 2098 3531 duraturis.

1422 3579 1515 3612 Teste
1533 3577 1614 3617 Rege
1631 3577 1705 3616 apud
1724 3575 2002 3617 Wstmonasterium,
2016 3576 2097 3615 fimo
2115 3577 2169 3606 Die
2183 3577 2360 3610 Novembris.

1788 3655 1842 3684 Per
1859 3656 1953 3684 Breve
1971 3653 2004 3683 de
2018 3654 2138 3684 Privato
2153 3654 2243 3693 Sigillo
2253 3678 2265 3694 ,
2282 3655 2347 3688 &ct

2412 3975 2460 4002 De

2419 539 2483 563 Car.
2504 540 2528 560 Ι.

2419 579 2443 610 p.
2465 582 2494 599 2.

2422 623 2449 641 ⁷¹·
2467 620 2514 648 59·

2454 2950 2531 2980 *XV

2463 2990 2529 3026 786.
