2536 4255
718 118 832 159 ET
918 118 1192 160 ACTA

0 204 83 244 lAnn.
98 206 129 237 D
158 206 190 236 de
206 205 376 243 Generoso,
392 204 531 236 Feodario
544 204 707 235 Comitatus
722 202 858 246 predisti,
880 211 995 234 necnon
1018 203 1162 246 Escaetori
1186 210 1215 231 e-

28 247 112 284 1625.
154 244 267 283 jusdem
282 243 462 280 Comitatus,
488 245 540 274 hiis
562 243 667 280 septem
689 241 733 271 sex
754 250 876 283 quinque
897 251 1015 279 quatuor
1038 244 1084 273 vel
1108 241 1214 276 tribus,

13 291 58 315 An.
80 295 104 312 1.
158 292 282 322 quorum
298 282 417 320 predisti
434 281 585 312 Feodarius
600 282 632 311 ὃς
648 279 780 310 Escaetor
797 282 848 322 lint
862 278 921 308 duo
937 302 946 317 ,
959 281 994 310 ad
1019 279 1219 319 inquirendum

12 329 69 353 :ar-
97 331 122 350 1.
160 320 224 359 post
240 320 370 350 Mortem
385 319 522 349 Edwardi
535 322 652 353 Carter,
667 318 700 347 &
716 317 752 346 de
769 325 864 354 terris,
881 317 942 347 &o

194 357 285 389 Teste
299 358 384 397 Rege
402 358 475 396 apud
491 354 757 394 Wstmonastermm,
776 364 855 384 nono
876 354 931 385 Die
947 355 1028 393 Julii.

1284 116 1758 164 PUBLICA.
2260 133 2313 174 35

1253 206 1321 242 tunc
1338 210 1402 238 quas
1415 204 1514 234 Terras
1527 207 1559 237 &c
1576 215 1630 243 que
1644 206 1824 236 Tenementa
1834 230 1843 245 ,
1861 209 1909 239 ubi
1929 208 1961 239 δε
1978 208 2023 239 cui
2041 206 2084 238 vel
2099 207 2210 245 quibus,
2228 204 2261 236 &
2279 208 2306 235 in
2328 205 2402 234 Arm.
2414 205 2457 235 D.·

1253 246 1331 275 cujus
1348 240 1392 269 vel
1408 250 1528 278 quorum
1549 244 1676 273 manibus
1689 244 1780 273 Terre
1798 246 1830 274 δε
1846 247 2026 277 Tenementa
2051 247 2089 276 sic
2111 246 2226 275 alienata
2248 246 2307 274 exi-
2354 244 2437 281 1625.

1259 275 1352 315 stunt,
1372 279 1404 306 &
1421 280 1536 315 qualiter
1555 284 1586 311 ὃ(
1605 282 1773 316 quomodO,
1789 282 1820 311 &
1836 292 1889 319 que
1902 284 1993 315 Terre
2006 287 2039 316 &
2054 285 2236 314 Tenementa
2252 283 2304 312 30-
2320 286 2371 308 An.
2396 292 2417 308 1·

1258 323 1292 343 na
1307 316 1339 343 δε
1354 312 1460 344 Carasa
1473 317 1563 347 adhuc
1581 319 1629 347 libi
1644 327 1806 355 remanent,
1823 321 1854 350 &
1873 322 1907 349 de
1923 332 1981 358 quo
1998 323 2042 353 vel
2067 322 2103 352 de
2125 322 2226 360 quibus
2245 330 2304 351 tam
2321 324 2388 347 Car.
2411 329 2435 346 1-

1255 351 1346 382 Terre
1363 353 1395 382 &
1410 353 1590 384 Tenementa
1606 355 1642 384 lic
1656 356 1771 386 alienata
1787 366 1871 393 quam
1893 358 1976 388 Terr'
1999 362 2030 389 δε
2053 361 2237 390 Tenementa
2254 360 2306 389 sibi

637 430 745 460 EBoR.

196 471 364 503 Conlimilis
391 468 568 500 Commiffio
593 467 700 498 directa
728 467 867 499 Escaetori
894 467 1058 498 Comitatus
1081 467 1217 508 predic'ti,

158 511 258 541 Thome
270 510 370 548 Danby
383 508 533 545 Armigero
542 529 552 543 ,
571 505 696 542 Johanm·
710 506 822 536 Smalles
846 505 1014 544 Genemso,
1033 507 1085 536 hiis
1098 515 1218 544 quatuor

161 550 207 580 vel
217 550 319 586 tribus,
358 555 459 576 uorum
475 544 615 582 predictus
631 544 764 574 Escaetor
778 545 811 574 ὃς
828 544 944 574 Thomas
960 544 1063 587 Danby
1082 545 1133 574 sint
1147 545 1216 580 duo,

160 588 195 619 ad
210 589 238 617 in
258 557 405 617 utiendum
422 583 488 621 post
509 582 639 612 Mortem
658 582 755 612 Thome
772 587 859 620 Cast,
876 583 909 612 &
937 582 972 612 de
994 591 1085 620 terris,
1103 584 1163 613 δίε.

197 625 243 655 Te
269 633 284 653 e
300 623 386 662 Rege
401 621 474 659 apud
483 620 758 661 Westmonasterium,
775 621 853 651 sexto
871 620 931 650 Die
944 619 1028 659 Julii.

197 698 365 730 Consimilis
394 696 573 728 Commiffio
597 696 702 728 diretta
728 696 860 735 Johanm·
892 700 1026 726 Fraunces
1051 695 1222 739 Armigero,

163 737 308 769 Wllielmo
333 735 421 774 Leigh
439 737 592 775 Armigero
607 758 617 774 ,
641 734 771 776 Johanni
789 740 864 764 Were
887 736 1054 773 Armigero,
1082 733 1222 764 Feodarto

164 774 326 806 Comitatus
343 775 478 812 predisti,
495 783 608 805 necnon
626 773 766 803 [zicaetori
781 774 907 810 ejusdem
929 772 1092 802 Comitatus
1114 774 1147 804 &
1167 771 1223 810 Jo-

162 814 249 844 hanni
263 813 361 853 Pearfi’
377 813 525 843 Generoso
537 835 545 850 ,
561 812 614 841 hiis
630 813 754 850 quinque
770 820 890 848 quatuor
906 811 951 841 vel
967 811 1071 848 tribus,
1097 820 1221 848 quorum

162 852 286 891 predioli
309 851 461 882 Feodarius
483 851 515 880 &
546 849 676 880 Escaetor
698 851 750 880 iint
768 851 845 887 duo,
868 849 902 879 ad
932 849 1134 887 inquirendum
1158 848 1222 888 post

163 890 296 921 Mortem
310 890 454 928 Johannis
468 889 575 926 Giffbrd
591 889 747 926 Armigeri,
766 889 799 919 &
815 889 850 919 de
870 889 966 925 terris,
991 889 1052 919 &c.

199 929 290 960 Teste
304 929 391 966 Rege
405 927 477 965 apud
494 926 767 966 Wstmonasterium,
786 936 867 956 nono
884 926 942 957 Die
956 925 1043 964 Jalti.

199 1043 365 1074 Consimilis
379 1041 553 1072 Commiffio
567 1003 804 1072 dirgdotg'ljgzdo
821 1041 982 1083 Tichborne·
991 1039 1092 1077 Militi,
1108 1037 1224 1084 Johanff

163 1086 194 1113 m·
215 1081 292 1111 Foell
312 1081 464 1119 Armigero
479 1104 488 1117 ,
515 1079 659 1110 lVillielmo
678 1079 871 1117 Thornbrough
903 1081 1070 1120 Armigero,
1092 1076 1223 1115 Johanm

164 1124 287 1151 Browne
305 1119 387 1158 John
405 1118 555 1150 Generoso
568 1143 578 1156 ,
604 1118 741 1149 Feodario
764 1118 925 1148 Comitatus
948 1115 1086 1154 predicti,
1105 1124 1222 1158 necnon

162 1159 304 1190 Escaetori
318 1157 439 1195 ejusdem
451 1157 626 1194 Comitatus,
641 1157 674 1187 &
692 1155 843 1199 Lanceloto
859 1155 961 1199 Thorpe
981 1153 1127 1197 Generoso
1170 1154 1224 1182 hus

160 1198 285 1240 ‘mque
294 1196 481 1264 guamosdva
492 1197 600 1264 “i-*³⁰³3
615 1204 739 1262 ωὲῗέ
775 1191 1050 1261 Γθέἐῗέωῗὲἳέἳὲἱι
1063 1175 1222 1261 &575152232

161 1238 430 1311 tSZZienffhleglogzie
448 1242 688 1307 ὲῃῐὲιέὲῑίξὲῐίἓὶῃὸξ
697 1270 733 1314 de
748 1271 840 1308 terris,
858 1270 919 1301 &c.

198 1311 290 1345 Teste
305 1311 389 1350 Rege
403 1311 476 1349 apud
494 1307 763 1348 Wstmonastermm.

621 1386 777 1418 HEREFF.

200 1429 363 1462 Confimilis
377 1425 551 1458 Commiffio
561 1425 666 1456 directa
688 1428 795 1456 Evano
817 1425 950 1463 Vaughan
972 1425 1136 1464 Theologie
1160 1423 1227 1455 Do-

166 1471 240 1502 &ori
277 1466 384 1507 Jacobo
400 1468 478 1496 Price
490 1464 660 1503 Armigero,
687 1463 803 1494 Nacolao
826 1464 988 1502 Meredith,
1013 1463 1153 1502 Francisco
1177 1466 1227 1493 Ri-

161 1492 259 1539 chard}
273 1504 443 1542 Generoso,
462 1514 515 1534 nec
531 1502 748 1547 non-Escaetori
765 1502 927 1534 Comitatus
940 1503 1077 1546 predisti,
1103 1505 1136 1534 &
1164 1502 1227 1541 Ja-

162 1546 222 1577 cobo
236 1546 360 1574 Newton
376 1542 545 1579 Generoso,
564 1542 617 1571 hiis
631 1543 675 1572 sex
687 1551 813 1581 quinque
829 1550 948 1580 quatuor
964 1541 1008 1572 vel
1020 1542 1110 1585 ‘tribus
1120 1564 1130 1580 ,
1153 1551 1226 1580 quo-

161 1594 225 1615 rum
241 1582 363 1649 prediCZi
380 1581 530 1649 Fegldarius
545 1579 880 1650 &sicisgaetor'fintgduQ
898 1580 932 1611 ad
945 1579 1147 1618 inquirendum
1163 1578 1226 1617 post

162 1622 294 1691 Μ’(ἰξὲῗὶῐὲ
307 1625 849 1698 ἔεέἕεψυῗῖἰῖαᾌέπὲε,εεῖδὲἏέἕίωὲ
854 1643 859 1648 ⁸
867 1655 925 1687 Die
947 1656 1124 1688 Novembris.

202 1766 369 1805 Con‘fimilis
376 1771 552 1803 Commiffio
566 1732 838 1817 dffezizarpibaffgho
848 1772 925 1817 52le
935 1772 1036 1817 Militi,
1044 1771 1231 1816 ThomeMid-

165 1813 239 1846 leton
256 1813 408 1851 Armigero
421 1833 430 1849 ,
455 1810 570 1840 Ricardo
591 1811 666 1840 orde
694 1811 847 1850 Armigero
863 1834 873 1848 ,
902 1813 1042 1842 heodarto
1066 1809 1230 1841 Comitatus

162 1852 300 1892 predicti,
315 1859 429 1881 necnon
446 1848 587 1892 Escaetori
601 1849 729 1892 ejusdem
744 1849 906 1893 Comitatus
921 1872 931 1887 ,
956 1850 989 1881 &
1012 1850 1144 1879 Lodovico
1167 1850 1230 1880 Wi-

162 1890 324 1933 therington.
334 1887 495 1924 Generoso,
511 1887 563 1931 ljius
577 1896 704 1932 quinque
718 1896 839 1925 quatuor
854 1889 946 1918 tribus
958 1888 1005 1920 vel
1023 1888 1146 1932 duobus,
1155 1897 1227 1925 quo-

165 1939 232 1960 rum
249 1927 390 1995 ffiedfius
407 1925 629 2001 ondariustelll
647 1926 778 1994 hiffieltor
801 1927 924 1995 sigtcuinus
941 1948 950 1964 ,
964 1927 1005 1979 ¹ad
1027 1926 1228 1995 &quirendum

163 1964 659 2044 Po'sf'este'ffetgezguiinsseadssgees
671 1973 809 2034 vicleliirsio
826 1974 906 2034 noni>
912 1973 1172 2034 tgiesl’ffovceenbris.

544 2077 847 2111 MoUNTGoMERY.

205 2119 367 2152 Consimilis
381 2116 556 2149 Commisfio
576 2118 681 2149 directa
706 2118 843 2149 Ea'vara'o
866 2121 942 2149 Price
966 2119 1140 2157 Armigero,
1165 2120 1228 2148 Ar-

169 2158 252 2191 thuro
267 2161 343 2189 Price
360 2158 531 2196 Armigero,
557 2156 658 2187 Caralo
677 2158 799 2187 Herbert
826 2157 996 2197 Armigero,
1023 2157 1136 2189 Matheo
1155 2158 1230 2187 Price

168 2198 326 2237 Armigero
362 2195 498 2225 Meredith
514 2197 634 2232 Morgan
650 2196 818 2234 Armigero,
837 2195 967 2234 Johanni
983 2199 1056 2236 Paye
1070 2196 1231 2233 Generoso,

170 2236 311 2267 Feodario
355 2236 486 2265 omitatus
504 2233 641 2272 prediffl,
658 2235 764 2264 David
784 2234 890 2275 Blaney
912 2234 1083 2273 Generoso,
1111 2237 1144 2267 &
1170 2235 1229 2264 Ed-

171 2275 263 2305 ·vardo
280 2272 484 2310 Whittingham
499 2272 669 2312 Generoso,
687 2273 741 2303 hiis
755 2273 827 2304 osto
841 2274 948 2310 septem
965 2274 1009 2304 sex
1024 2275 1150 2313 quinque
1163 2283 1229 2311 qua-

172 2321 241 2344 tuor
254 2313 299 2343 vel
315 2313 420 2349 tribus,
439 2321 564 2348 quorum
579 2310 698 2348 predict’
713 2311 736 2341 F
738 2312 864 2342 eodarius
878 2312 908 2342 sit
923 2322 1010 2350 unus,
1029 2312 1063 2343 ad
1086 2312 1231 2350 inquiren-

174 2351 245 2381 dum
264 2350 329 2389 post
346 2349 480 2380 Mortem
497 2352 621 2378 Mauricii
636 2352 726 2379 Owen
743 2350 904 2388 Armigeri,
923 2352 956 2382 &
971 2351 1007 2381 de
1024 2352 1117 2390 terris,
1133 2353 1193 2382 &c.

211 2389 302 2420 Teste
318 2387 401 2427 Rege
416 2387 490 2425 apud
507 2387 778 2427 Westmonasterium,
794 2386 949 2420 undecimo
967 2389 1024 2420 Die
1045 2389 1196 2420 Februarii.

629 2464 782 2495 Wnn-Es.

210 2502 377 2533 Confimilis
393 2500 572 2532 Commiffio
585 2501 691 2533 dircita
705 2502 825 2533 Waltero
845 2503 937 2533 Smith
957 2503 1045 2535 Militi
1056 2527 1066 2543 ,
1094 2502 1236 2543 Francifio

173 2541 275 2581 Dowfi’
293 2540 401 2577 Militi,
419 2540 564 2570 Edmundo
579 2540 769 2580 Hungerforde
785 2541 950 2580 Armigero,
967 2545 1078 2580 Hugoni
1091 2548 1237 2581 Crompton

175 2582 346 2620 Armigero,
360 2579 456 2609 Thome
472 2578 570 2618 Aliefe
585 2577 737 2610 Generoso
755 2602 765 2618 ,
794 2580 933 2611 Feodario
958 2581 1122 2612 Comitatus
1145 2581 1238 2619 predi-

174 2619 234 2657 eti,
252 2628 368 2649 necnon
383 2617 525 2648 Escaetori
541 2617 666 2655 ejusdem
688 2617 868 2657 Comitatus,
895 2620 950 2649 hiis
968 2620 1013 2650 sex
1028 2622 1152 2658 quinque
1171 2630 1241 2659 qua-

172 2665 241 2688 tuor
257 2657 301 2688 vel
316 2657 424 2694 tribus,
442 2666 566 2695 quorum
582 2656 701 2693 predicti
718 2656 867 2687 Feodarius
884 2659 916 2690 ὃς
931 2658 1066 2689 Escaetor
1088 2659 1141 2690 sint
1159 2658 1219 2689 duo
1231 2681 1240 2696 ,

173 2695 208 2726 ad
223 2695 423 2764 {jnqmoendugc'
438 2694 502 2733 post
513 2693 648 2725 Mortem
657 2696 813 2733 prenobilis
820 2696 955 2727 Edvardz·
970 2697 1099 2728 Comitis
1125 2695 1241 2736 Hertf',

177 2735 212 2766 &
244 2744 260 2764 e
273 2736 352 2765 terris
420 2743 447 2764 c-

210 2772 299 2804 Teste
315 2756 398 2812 Re’ge
410 2770 484 2810 apud
497 2770 764 2812 Wefimonasberium,
781 2774 869 2805 tertio
885 2772 946 2804 Die
960 2776 1073 2805 Martii.

327 2852 372 2880 De
387 2848 565 2888 Commiffione
577 2857 626 2887 pro
640 2850 744 2880 Idiotia
768 2849 939 2882 Elizabethe
960 2849 1108 2883 Bristowe.

217 2925 303 2963 Rex,
320 2926 382 2957 &c.
402 2925 527 2956 Dileffls
541 2925 593 2956 fibi
617 2925 763 2955 Willielmo
785 2926 889 2966 Orfeur
915 2927 1083 2966 Armigero,
1109 2927 1240 2966 Johanni

26 2966 166 2998 Oxvun
185 2963 330 2996 Chambers
345 2964 365 2984 ²*
382 2963 551 3000 Generoso,
571 2963 720 2993 Willielmo
737 2965 915 2995 Martindale
929 2966 1092 3004 Generoso,
1108 2967 1241 2996 cuthber-

28 3009 94 3043 656.

157 3004 160 3005 ’
186 3008 214 3032 to
227 3001 330 3045 Orfeug·
345 3001 512 3038 Generoso,
530 3002 670 3032 Feodario
686 3002 850 3034 Comitatus
863 3004 953 3035 nostri
976 3004 1100 3043 Cumbr',
1124 3015 1242 3036 necnon

181 3040 326 3072 Escaetori
341 3040 464 3078 ejusdem
480 3040 644 3071 Comitatus
659 3040 795 3072 Salutem.

221 3121 299 3157 Quia
314 3120 410 3152 datum
424 3119 466 3150 est
479 3120 563 3151 nobis
579 3121 718 3160 intelligi,
735 3121 814 3160 quod
838 3121 992 3154 Elizaheth
1011 3124 1146 3164 Bristowe
1167 3124 1242 3156 fatua

181 3160 216 3191 &
234 3160 322 3190 ldiota
336 3158 444 3196 existit,
458 3159 496 3188 ita
510 3159 587 3196 quod
605 3159 758 3199 Regimini
774 3161 820 3191 seu
834 3162 914 3200 iplius
937 3162 1136 3194 Maneriorum
1161 3163 1239 3194 Mes-

178 3199 338 3237 suagiorutn
362 3197 519 3228 Terrarum
545 3197 795 3229 Tenementorum
827 3199 978 3232 Bonorum
1004 3204 1037 3233 &
1062 3201 1241 3233 Catallorum
1270 3202 1289 3228 g

180 3237 297 3267 suorum
313 3246 373 3266 non
390 3236 510 3273 sufficit,
530 3237 563 3267 &
579 3237 656 3273 quod
672 3237 728 3274 ipsa
743 3238 774 3267 in
786 3238 910 3270 fatuitate
923 3240 967 3270 sua
982 3250 1113 3279 magnam
1129 3249 1238 3279 partem

180 3275 273 3305 Terre
289 3275 322 3305 &
335 3275 411 3304 Ten'
428 3275 540 3305 suorum
558 3275 706 3313 alienavit,
726 3285 760 3305 ac
779 3277 865 3306 etiam
889 3288 1024 3315 magnam
1048 3288 1157 3317 partem
1179 3279 1239 3310 Βο-

181 3323 290 3344 norum
308 3314 341 3344 &
356 3312 534 3344 Catallorum
551 3313 664 3344 suorum
685 3314 828 3352 diffipavit
847 3317 878 3346 in
900 3317 1146 3349 exheredationem
1163 3319 1239 3349 suam

182 3353 217 3384 &
233 3351 318 3382 nostri
335 3352 523 3389 prejudicium
539 3352 735 3383 manifestum:
756 3353 857 3391 sciatis,
875 3356 952 3394 quod
975 3366 1025 3386 nos
1049 3357 1238 3395 indempnita-

181 3393 206 3423 ti
222 3391 301 3428 iplius
314 3388 479 3419 Elizabethe
493 3391 521 3419 in
535 3390 591 3431 hac
606 3400 683 3427 parte
697 3391 855 3429 prospicere
871 3394 999 3425 volentes·
1013 3405 1045 3425 ac
1062 3396 1098 3425 de
1122 3396 1238 3427 fidelita-

184 3438 214 3461 te
229 3430 263 3461 &
277 3428 398 3468 providis
413 3429 718 3466 circumspectionibus
740 3430 836 3461 vestris
863 3433 891 3461 in
912 3442 943 3462 ea
967 3442 1041 3471 parte
1063 3435 1237 3472 quampluri-

184 3478 270 3499 mum
278 3466 467 3503 confidentes,
477 3467 559 3496 vobis
571 3467 694 3510 quinque
708 3477 827 3506 quatuor
841 3470 887 3501 vel
901 3472 989 3501 tribus
1010 3470 1150 3510 vestrum,
1165 3484 1238 3512 quo-

184 3517 249 3538 rum
273 3515 301 3537 te
323 3505 463 3544 prefatum
490 3504 657 3535 Feodanum
681 3517 768 3536 unum
792 3508 848 3538 effe
868 3509 1020 3547 volumus,
1056 3512 1241 3551 mandamus,

182 3546 262 3584 quod
279 3545 312 3575 ad
332 3544 414 3581 ipsam
431 3541 630 3586 Elizabethqm
645 3544 674 3573 in
693 3546 809 3582 propriis
827 3546 953 3577 Perionis
967 3548 1062 3578 vestris
1084 3551 1239 3589 accedatis,

182 3595 218 3615 ac
232 3584 319 3621 ipsam
335 3583 385 3613 viis
401 3583 433 3611 ὅ(
448 3582 545 3611 mediis
556 3582 656 3624 quibus
672 3581 750 3619 super
765 3583 843 3614 Statu
858 3586 906 3615 suo
916 3587 1013 3616 melius
1028 3587 1172 3618 informari
1188 3600 1239 3627 po-

181 3624 271 3654 teritis
284 3619 491 3657 circumspec‘te
504 3628 682 3665 examinetis,
699 3630 753 3650 nec
776 3631 835 3652 non
858 3623 1061 3661 assignavimus
1081 3635 1134 3656 vos
1155 3631 1238 3665 quin-

180 3671 239 3699 que
254 3669 375 3699 quntuor
390 3659 435 3689 vel
453 3666 508 3689 tres
534 3657 662 3701 vest-rum*
676 3679 685 3693 ,
712 3668 834 3695 quorum
854 3671 882 3692 te
905 3663 1045 3699 prefatum
1068 3664 1237 3697 Feodarium

181 3709 274 3730 unum
292 3699 348 3729 effe
366 3698 518 3733 volumus,
536 3696 571 3725 ad
588 3697 785 3739 inquirendum
800 3708 847 3734 per
859 3700 1064 3731 sacramentum
1078 3706 1236 3740 proborum

180 3739 215 3767 &
230 3738 362 3774 legalium
378 3736 530 3765 hominum
545 3734 579 3763 de
595 3734 724 3771 predicto
740 3733 890 3779 Comitatu
914 3740 1013 3769 nostro
1039 3742 1163 3772 Cumbrie
1177 3753 1237 3774 tam

182 3776 256 3805 infra
272 3775 426 3805 Libertates
442 3783 527 3809 quam
542 3782 630 3808 extra,
650 3782 698 3811 per
714 3782 785 3809 quos
806 3783 844 3802 ret
859 3778 957 3807 veritas
983 3778 1081 3808 melius
1104 3781 1166 3811 sciri
1187 3793 1237 3819 po-

182 3814 264 3849 terit,
281 3813 300 3841 si
314 3813 413 3843 eadem
429 3811 599 3842 Elizabetha
616 3811 689 3841 fatua
704 3811 736 3841 &
758 3809 848 3841 Idiota
859 3814 967 3851 existit,
983 3816 1051 3846 ficut
1077 3819 1236 3854 predictum

183 3850 225 3882 est
241 3860 349 3888 necne,
367 3851 400 3880 ὃς
415 3850 435 3879 si
447 3850 478 3880 sit
493 3860 562 3881 tunc
579 3861 595 3880 a
611 3848 768 3880 Nativitate
782 3859 815 3879 an
831 3851 866 3880 ab
883 3852 936 3880 alio
949 3862 1095 3892 tempore,
1114 3858 1146 3886 &
1164 3859 1181 3888 ij
1202 3861 1237 3889 ab

182 3890 239 3921 alio
256 3897 384 3925 tempore
399 3897 468 3918 tunc
483 3900 498 3919 a
512 3898 572 3926 quo
586 3897 717 3926 tempore
730 3888 846 3924 qualiter
860 3890 893 3919 &
908 3893 1074 3929 quomodo,
1092 3893 1125 3923 &
1153 3896 1170 3925 si
1195 3897 1240 3927 lu-

183 3927 253 3959 cidis
265 3926 383 3965 gaudeat
398 3927 564 3964 intetvallis,
581 3928 614 3958 &
629 3926 646 3955 li
668 3925 766 3956 eadem
794 3925 965 3957 Elizabetha
986 3929 1014 3956 in
1035 3930 1139 3960 eodem
1161 3934 1240 3965 Statu

182 3965 300 3998 existens
313 3964 415 3993 Terras
436 3972 483 3995 aut
504 3965 688 3996 Tenementa
713 3965 804 4004 aliqua
822 3965 951 3999 aliemuit
973 3975 1080 4006 necne,
1106 3970 1139 4000 ὃς
1162 3972 1180 4002 fi
1204 3973 1240 4004 fic

222 4006 294 4035 Tem.
313 4003 401 4032 VIII.
419 4003 452 4032 Ρ,
472 4005 515 4034 ΙΙ.

1255 399 1358 421 retenta
1374 400 1535 429 teneantur,
1552 394 1584 423 ὅ(
1601 401 1647 428 per
1661 394 1736 430 quod
1753 395 1902 424 Servitium
1927 397 1959 427 δε
1983 398 2155 435 Qalitatem
2178 400 2210 428 δε
2234 407 2307 434 quo-

1256 429 1362 466 modo,
1380 430 1562 466 &quantum
1577 430 1683 460 valeant
1699 440 1746 467 per
1762 432 1881 462 Annum
1906 434 1932 462 in
1955 437 2090 465 omnibus
2118 437 2254 472 exitibus,
2272 436 2306 465 ὃ(

1254 469 1317 505 quis
1334 468 1522 505 propinquior
1545 467 1625 497 heres
1647 469 1704 505 ejus
1727 470 1758 498 fit
1779 472 1811 498 ὅε
1836 473 1913 508 cujus
1935 471 2033 502 Etatis.
2079 474 2115 503 Et
2139 475 2202 504 ideo
2224 474 2309 504 vobis

1256 507 1382 542 quinque
1398 514 1520 543 quatuor
1535 506 1578 535 vel
1597 506 1685 536 tribus
1700 507 1844 544 vestrum,
1863 519 1985 545 quorum
2001 520 2029 540 te
2045 512 2182 548 prefatum
2201 512 2308 542 Feoda-

1255 545 1329 573 rium
1347 553 1434 573 unum
1451 543 1508 574 esse
1526 544 1668 581 volumus,
1686 546 1852 574 mandamus
1867 548 1943 582 quod
1963 548 1996 576 ad
2012 558 2104 578 certos
2122 550 2190 579 Dies
2203 552 2234 581 ἃ
2246 551 2307 579 Lo-

1255 591 1288 610 ca
1303 591 1373 618 quos
1389 582 1424 611 ad
1440 582 1499 611 hoc
1516 581 1691 619 provideritis
1715 583 1862 620 diligenter
1882 584 1958 620 super
1983 585 2117 617 Premiffa
2137 589 2241 618 faciatis
2259 588 2307 618 In-

1255 620 1452 657 quiiitionem,
1471 621 1503 650 &
1521 630 1584 651 eam
1602 620 1734 651 distinsle
1752 623 1784 651 ὀί
1801 628 1894 658 aperte
1910 623 2012 653 fact-am
2033 626 2115 654 nobis
2134 628 2163 655 in
2185 627 2310 657 Cancel-

1255 658 1350 687 latiam
1364 658 1488 688 nostram
1511 659 1561 688 sub
1578 659 1681 698 sigillis
1698 659 1804 695 vestris,
1824 661 1948 698 quinque
1963 671 2081 697 quatuor
2100 664 2144 692 vel
2160 666 2243 694 trium
2261 675 2310 694 ve-

1257 694 1348 725 strum
1364 698 1505 734 (quorum
1525 706 1552 727 te
1567 698 1707 734 prefatum
1722 698 1890 728 Feodarium
1914 708 2003 728 unum
2028 700 2083 730 esse
2109 702 2253 739 volumus)
2276 704 2310 734 &

1259 734 1359 772 Sigillis
1374 745 1476 764 eorum
1491 745 1539 772 per
1554 745 1625 773 quos
1640 735 1715 766 fac‘m
1732 736 1817 765 fuerit
1837 737 1893 765 {ine
1911 736 2042 766 dilatione
2063 738 2173 767 mittatis
2188 762 2197 775 ,
2216 742 2247 772 ὅ(
2260 742 2311 770 has

1258 772 1363 802 Literas
1378 772 1485 803 nostras
1504 772 1658 811 Patente83,
1671 775 1835 804 mandamus
1852 775 1930 803 enim
1947 784 2046 804 tenore
2068 775 2238 806 Presentium
2259 779 2310 809 Vi-

1259 810 1372 840 cecom'
1389 811 1487 841 nostro
1501 810 1663 842 Comitatus
1679 812 1798 849 predicti
1819 812 1897 849 quod
1911 812 1945 847 ad
1976 822 2068 843 certos
2089 812 2156 842 Dies
2177 815 2210 843 &
2234 816 2312 848 Loca

1260 858 1334 887 quos
1347 859 1396 880 eos
1411 850 1479 879 scire
1495 849 1617 880 feceritis
1633 852 1728 880 venire
1751 851 1834 881 faciat
1856 859 1952 880 coram
1981 851 2078 888 vobis²
2104 852 2227 889 quinque
2249 864 2314 890 qua-

1261 895 1324 917 tuor
1338 888 1382 918 vel
1399 888 1488 918 tribus
1505 888 1625 918 vestrum
1643 890 1775 926 (quorum
1791 898 1819 919 te
1832 889 1968 925 prefatum
1984 889 2151 918 Feodarium
2168 900 2257 920 unum
2275 893 2315 921 es-

1258 925 1286 955 se
1300 926 1433 956 volumus
1444 931 1453 963 )
1471 934 1513 956 tot
1531 928 1564 957 δε
1582 928 1645 958 tales
1662 928 1768 964 probos
1783 928 1814 958 &
1831 927 1926 966 legales
1936 926 2081 958 Homines
2096 926 2131 956 de
2145 927 2247 958 Balliva
2261 928 2315 968 sua,

1257 971 1319 993 tam
1333 964 1403 994 infra
1418 964 1593 1003 Libertates,
1609 975 1693 1003 quam
1706 974 1780 995 eXtra
1791 988 1800 1003 ,
1821 975 1869 1005 per
1888 975 1959 1004 quos
1975 967 2015 996 rei
2028 966 2126 998 veritas
2141 966 2170 995 in
2192 965 2314 998 Premis-

1259 1002 1290 1031 [ιε
1306 1002 1405 1033 melius
1419 1003 1480 1033 sciri
1494 1005 1644 1041 poterit&
1657 1004 1769 1041 inquiri.

1297 1080 1331 1111 In
1349 1083 1428 1121 cujus
1447 1084 1504 1121 rei,
1521 1084 1584 1117 ὅτε..

1293 1161 1383 1194 Teste
1398 1162 1482 1202 Rege
1498 1165 1570 1203 apud
1591 1169 1625 1194 W
1632 1164 1874 1204 elimonasserium,
1890 1165 2036 1197 tricesimo
2050 1164 2110 1196 Die
2124 1167 2207 1196 Maii.

1274 1245 1319 1273 De
1334 1242 1511 1282 Commffone
1531 1244 1617 1285 deque
1640 1245 1719 1284 plura
1729 1244 1787 1285 post
1807 1247 1928 1275 Mortem
1951 1245 2109 1278 Rowlandi
2130 1246 2303 1286 Meffenger.

1297 1323 1380 1362 Rex,
1398 1325 1459 1356 &c.
1480 1324 1599 1357 Dileeto
1617 1326 1668 1356 sibi
1683 1326 1834 1358 Willielmo
1851 1325 1916 1356 Hill
1930 1325 2099 1366 Armigero,
2118 1336 2234 1359 necnon
2253 1327 2320 1358 Ma-

1256 1363 1313 1400 jori
1328 1362 1460 1394 Civitatis
1473 1365 1569 1395 nostre
1595 1364 1687 1395 Glouc’
1715 1365 1857 1396 Escaetori
1878 1365 2041 1396 Comitatus
2066 1367 2142 1398 dicte
2164 1366 2296 1397 Civitatis
2311 1388 2322 1403 ‚

1260 1404 1369 1439 Georgia
1383 1403 1523 1442 Raymond
1537 1403 1687 1434 Generoso
1707 1404 1824 1434 Feodar'
1839 1404 1914 1434 dicte
1930 1404 2092 1435 Comitatus
2118 1405 2237 1435 Civitat⁷
2259 1405 2320 1442 Ja-

1261 1441 1319 1469 cobo
1335 1441 1442 1480 Powell
1455 1440 1616 1479 Generoso,
1635 1442 1780 1473 willielmo
1795 1442 1860 1473 Hill
1873 1442 2032 1481 Generoi'o,
2051 1446 2083 1474 ὅ(
2099 1443 2234 1482 Stephano
2245 1442 2320 1473 Hal-

1260 1477 1327 1517 ford
1340 1479 1506 1519 Generoso,
1523 1481 1661 1512 Salutem.

1301 1518 1379 1555 Qta
1393 1519 1493 1549 datum
1508 1520 1549 1549 est
1559 1521 1640 1550 nobis
1656 1520 1773 1559 intelligi
1787 1519 1865 1558 quod
1878 1519 2014 1549 Rolandus
2025 1520 2173 1559 Meffbvger
2183 1519 2325 1558 destini&

1264 1558 1312 1593 qui
1328 1559 1363 1585 de
1378 1559 1462 1587 nobis
1479 1560 1568 1589 tenuit
1583 1560 1611 1588 in
1629 1558 1748 1598 Capite,
1766 1561 1855 1590 tenuit
1869 1558 1928 1589 Die
1951 1570 2010 1597 quo
2030 1562 2101 1591 Obiit
2122 1560 2195 1597 plura
2220 1559 2325 1589 Terras

1263 1595 1295 1625 ὃ(
1313 1594 1495 1626 Tenementa
1509 1598 1538 1627 in
1556 1597 1636 1628 dicto
1651 1599 1800 1628 Comitatu
1818 1597 1949 1628 Civitatis
1964 1598 2065 1636 Glouc',
2081 1608 2167 1637 quam
2182 1600 2209 1627 in
2227 1599 2320 1636 inqui-

1263 1634 1361 1663 iitione
1377 1634 1441 1664 inde
1460 1644 1509 1672 per
1528 1635 1661 1667 Mortem
1677 1636 1796 1674 predieti
1814 1635 1932 1665 Rolana'i
1954 1636 1989 1666 de
2013 1637 2142 1668 Mandat⁷
2168 1637 2321 1676 precharis-

1264 1672 1324 1701 simi
1342 1672 1429 1703 Patris
1445 1673 1532 1703 nostri
1547 1674 1649 1712 Jacobi
1676 1684 1764 1712 nuper
1789 1675 1874 1712 Regis
1893 1674 1995 1713 Anglie
2010 1700 2019 1712 ‚
2043 1678 2104 1707 &c.
2130 1686 2209 1714 capta
2233 1677 2265 1707 ὃς
2294 1676 2324 1704 in

1265 1710 1470 1741 Cancellariam
1486 1712 1611 1742 nostram
1630 1723 1768 1743 retornata
1788 1712 1972 1750 lpectficatur:
1999 1714 2067 1745 Nos
2091 1716 2171 1753 igitur
2196 1715 2325 1745 volentes

1265 1758 1314 1786 per
1329 1759 1379 1779 vos
1392 1749 1421 1779 su
1443 1760 1472 1779 er
1497 1750 1632 1781 Promissa
1653 1752 1762 1788 plenius
1786 1753 1952 1791 certiorari,
1973 1763 2006 1784 ac
2027 1754 2062 1784 de
2085 1754 2274 1784 Fidelitatibus
2289 1753 2323 1783 ὃς

1266 1787 1389 1824 providis
1412 1759 1724 1829 Circumspectionibus
1750 1789 1848 1819 vestris
1873 1793 2112 1829 quamplurimum
2133 1792 2324 1831 conficientes,

1265 1825 1465 1866 assignavimus
1480 1838 1531 1858 vos
1545 1830 1588 1858 lex
1602 1830 1727 1866 quinque
1743 1838 1867 1870 *quatuor
1889 1831 1935 1860 vel
1957 1838 2012 1860 tres
2032 1830 2157 1862 vestrum
2169 1855 2178 1870 ,
2197 1841 2324 1870 quorum

1266 1875 1317 1895 vos
1334 1866 1458 1903 prefatos
1477 1866 1644 1898 Feodarium
1659 1869 1691 1897 δε
1707 1866 1889 1897 Eicaetoretn
1903 1868 1974 1898 duos
1989 1869 2045 1901 effe
2064 1870 2213 1906 volumus,
2230 1870 2263 1899 ad
2279 1872 2325 1900 in-

1287 1904 1436 1936 uirendum
1455 1915 1503 1943 per
1528 1906 1746 1936 Sacramentum
1767 1905 1923 1942 proborum
1946 1909 1979 1938 &
2003 1908 2133 1946 legalium
2157 1908 2325 1939 Hominum

1265 1913 1301 1974 ge
1312 1944 1442 1981 predicto
1457 1943 1607 1976 Comitatu
1623 1944 1756 1975 Civitatis
1768 1943 1859 1974 Glouc'
1880 1954 1936 1975 tam
1959 1947 2029 1978 infra
2053 1947 2220 1984 Libertates,
2239 1956 2325 1984 quam

1265 1991 1357 2019 ema,
1376 1991 1424 2019 per
1442 1992 1513 2020 quos
1530 1985 1567 2014 rei
1583 1985 1684 2014 veritas
1699 1982 1796 2012 melius
1808 1982 1872 2012 sciri
1896 1986 2000 2022 poterit
2015 2009 2022 2015 .
2049 1995 2103 2023 que
2126 1985 2202 2022 plura
2220 1985 2327 2016 Terras

1264 2022 1299 2050 &
1316 2020 1498 2052 Tenementa
1518 2023 1596 2053 idem
1614 2021 1752 2052 Rolandus
1770 2022 1860 2051 tenuit
1880 2024 1909 2053 in
1933 2022 2083 2054 Comitatu
2109 2024 2240 2054 Civitatis
2263 2033 2327 2062 pre·

1264 2058 1342 2098 diff,
1362 2059 1421 2089 Die
1438 2070 1496 2098 quo
1511 2061 1594 2098 obiit,
1615 2062 1648 2093 &c
1662 2061 1698 2090 de
1717 2070 1776 2098 quo
1793 2059 1837 2090 vel
1855 2059 1890 2090 de
1908 2063 2010 2100 quibus
2028 2063 2072 2093 illa
2088 2063 2164 2099 plura
2182 2062 2274 2092 Terre
2291 2063 2325 2093 δε

1265 2097 1448 2129 Tenementa
1468 2107 1632 2138 teneantur,
1649 2101 1681 2131 &
1701 2108 1748 2138 per
1767 2097 1847 2140 quod
1864 2099 2043 2139 Servicium,
2066 2102 2099 2132 &
2118 2109 2258 2140 quantum
2276 2111 2324 2131 va-

1266 2136 1338 2167 leant
1359 2147 1406 2174 per
1420 2137 1539 2168 Annum
1560 2139 1588 2168 in
1613 2139 1747 2168 omnibus
1773 2138 1906 2176 exitibus,
1931 2140 1964 2171 &
1989 2139 2024 2170 ad
2052 2139 2151 2170 eadem
2169 2139 2272 2171 Terras
2290 2141 2323 2171 &

1264 2175 1446 2207 Tenementa
1460 2177 1486 2206 in
1510 2175 1614 2207 Manus
1635 2178 1653 2196 ²*
1674 2176 1782 2207 nostras
1801 2177 1972 2216 capiendum
1987 2180 2020 2209 ὃς
2038 2179 2221 2217 seifiendum3
2238 2189 2271 2210 ac
2285 2180 2322 2209 de
2338 2171 2475 2202 *XVHI-

1264 2214 1322 2244 aliis
1339 2214 1473 2245 Articulis
1486 2216 1519 2246 &
1539 2215 1766 2246 Circumstantiis
1790 2216 1923 2255 premissa
1947 2218 2179 2258 qualitercunque
2204 2228 2326 2249 concer-
2340 2212 2407 2247 657-

1265 2255 1396 2284 nentibus
1415 2254 1524 2291 plenius
1543 2256 1707 2293 veritatem,
1726 2254 1764 2286 Et
1783 2256 1850 2287 ideo
1877 2257 1960 2286 vobis
1985 2256 2031 2286 sex
2057 2259 2183 2295 quinque
2207 2266 2327 2296 quatuor

1265 2293 1309 2322 vel
1331 2293 1418 2322 tribus
1437 2291 1584 2330 vestrum,
1603 2303 1727 2331 quorum
1748 2305 1800 2325 vos
1820 2294 1961 2332 prefatum
1987 2295 2156 2326 Feodarium
2176 2298 2208 2327 ὃς
2229 2295 2330 2326 Escae-

1266 2338 1362 2361 torem
1380 2331 1452 2361 duos
1470 2330 1527 2361 effe
1543 2331 1688 2370 volumus,
1699 2333 1863 2364 mandamus
1881 2334 1957 2372 quod
1975 2333 2007 2362 ad
2025 2343 2115 2363 certos
2132 2334 2204 2364 Dies
2217 2337 2250 2365 &
2267 2335 2328 2364 Lo-

1269 2379 1303 2400 ca
1318 2379 1390 2408 quos
1404 2370 1437 2399 ad
1453 2369 1512 2400 hoc
1530 2370 1706 2407 provideritis
1726 2371 1873 2410 diligenter
1896 2372 1975 2409 super
1999 2372 2138 2402 Premiffis
2159 2373 2262 2404 faciatis
2287 2374 2331 2402 in-

1269 2410 1468 2445 quisitionem,
1487 2410 1520 2440 &
1535 2418 1596 2439 eam
1613 2409 1746 2440 distintste
1762 2413 1794 2441 ὃς
1815 2421 1911 2448 aperte
1929 2410 2032 2441 nciam
2051 2413 2132 2442 nobis
2152 2413 2180 2441 in
2207 2411 2330 2442 Cancel-

1224 2465 1229 2467 -
1270 2447 1367 2478 lariam
1386 2446 1513 2477 nostram
1531 2447 1580 2477 sub
1599 2447 1698 2486 Sigillis
1718 2449 1813 2479 vestris
1831 2450 1876 2479 sex
1899 2450 2024 2494 quinque
2041 2459 2162 2488 quatuor
2179 2451 2223 2480 vel
2242 2452 2330 2481 trium

1272 2487 1416 2523 vestrum,
1435 2495 1560 2522 quorum
1575 2496 1626 2516 vos
1645 2486 1785 2524 prefatum
1807 2487 1976 2518 Feodartum
2003 2490 2035 2518 δε
2058 2489 2240 2521 Escaetorem
2260 2490 2333 2519 duos

1273 2524 1329 2555 effe
1348 2523 1497 2561 volumus,
1516 2525 1549 2554 &
1569 2524 1670 2563 Sigillis
1690 2535 1791 2557 eorum
1812 2537 1860 2564 per
1877 2537 1946 2565 quos
1970 2527 2044 2557 faeta
2070 2528 2153 2559 fuerit
2180 2529 2237 2558 sine
2260 2528 2329 2559 dila·

1276 2564 1354 2593 tione
1372 2563 1504 2603 mittatis,
1523 2563 1555 2593 ὅ(
1570 2563 1617 2592 has
1641 2563 1747 2594 Literas
1770 2565 1876 2594 nostras
1900 2565 2046 2604 Potentes3
2073 2568 2236 2597 mandamus
2254 2569 2331 2597 enim

1273 2609 1374 2632 tenore
1393 2600 1566 2631 Prelentium
1582 2600 1736 2632 Vicecom'
1756 2602 1843 2633 ttostr'
1864 2604 2026 2635 Comitatus
2048 2604 2179 2636 Civitatis
2198 2607 2331 2643 predi<fte²

1275 2640 1353 2679 quod
1367 2640 1400 2669 ad
1416 2648 1510 2669 certos
1530 2639 1601 2669 Dies
1619 2642 1652 2672 &
1666 2641 1746 2671 Loca
1770 2651 1842 2680 quos
1864 2652 1912 2673 eos
1934 2645 2002 2674 scire
2020 2643 2143 2674 feceritis
2163 2647 2257 2675 venire
2278 2644 2330 2674 fac'

1275 2688 1374 2710 coram
1392 2678 1477 2709 vobis
1495 2677 1539 2707 sex
1560 2680 1686 2716 quinque
1704 2688 1824 2718 quatuor
1852 2682 1901 2712 vel
1926 2684 2013 2713 tribus
2035 2683 2162 2713 vestrum
2177 2708 2185 2720 ,
2205 2694 2329 2722 quorum

1277 2729 1328 2749 vos
1344 2716 1487 2755 prefatum
1503 2716 1674 2747 Feodarium
1691 2719 1722 2748 &
1740 2717 1922 2751 Escaetorem
1946 2721 2017 2751 duos
2040 2721 2096 2751 effe
2120 2723 2268 2759 volumus,
2287 2731 2329 2753 tot

1275 2758 1309 2788 &
1329 2757 1393 2787 tales
1411 2757 1516 2793 probos
1533 2755 1565 2785 δε
1583 2756 1826 2794 legalesl-lomines
1845 2758 1880 2788 de
1897 2759 1997 2790 Balliva
2012 2759 2055 2789 sua
2068 2769 2126 2791 tam
2144 2762 2214 2790 infra
2232 2761 2330 2791 Liber-

1274 2803 1361 2832 tateS,
1381 2803 1468 2831 quam
1484 2802 1578 2834 extra,
1598 2805 1645 2834 per
1665 2805 1735 2835 quos
1757 2797 1798 2826 rei
1818 2799 1915 2828 veritas
1933 2798 1964 2828 in
1988 2798 2128 2830 Premiffis
2151 2800 2250 2831 melius
2268 2799 2331 2830 sciri

1271 2835 1375 2874 poterit
1392 2833 1424 2864 ὅ(
1443 2833 1556 2870 inquiri.

1308 2910 1342 2942 In
1360 2913 1440 2951 cujus
1459 2915 1508 2952 rei,
1525 2915 1586 2946 &c.

1308 2992 1398 3024 Teste
1412 2994 1496 3033 Rege
1513 2994 1587 3033 apud
1605 2995 1880 3037 Westmonffislerium
1896 2998 1974 3030 sexto
1989 2999 2047 3030 Die
2065 2999 2149 3038 Julii.

1743 3077 1858 3109 EnoR'.

1311 3111 1475 3144 Consimilis
1488 3113 1665 3144 Commiffio
1681 3115 1782 3146 dirce?
1797 3118 1974 3147 Marmaduco
1990 3115 2102 3157 W'yvell
2115 3117 2200 3148 Militi
2220 3118 2253 3148 &
2274 3117 2325 3149 Ba-

1273 3160 1401 3189 ronetto,
1418 3151 1562 3182 Timotheo
1575 3155 1688 3183 Hutton
1697 3150 1805 3191 Militi,
1823 3155 1955 3192 Johanm'
1968 3156 2107 3193 Cat'verley
2124 3156 2224 3193 Militi,
2243 3159 2328 3186 Geor-

1292 3194 1316 3220 io
1329 3194 1416 3228 Tange
1431 3190 1538 3228 Militi,
1553 3191 1649 3221 Talbot
1665 3195 1764 3222 Bowes
1779 3193 1878 3233 Militi,
1897 3195 2045 3233 Humfsido
2056 3219 2058 3221 .
2068 3196 2184 3223 :barton
2195 3195 2326 3233 Armige-

1273 3239 1321 3265 ro,
1339 3233 1374 3258 W
1375 3227 1482 3270 illielmo
1498 3228 1601 3268 Nefflvn
1619 3229 1777 3268 Generoso,
1796 3242 1912 3263 necnon
1926 3234 2066 3264 Eleaetori
2084 3232 2245 3262 Comitatus
2265 3244 2329 3271 pre-

1270 3268 1340 3299 dieti
1355 3267 1408 3297 hiis
1420 3270 1490 3297 octo
1506 3268 1611 3305 septem
1627 3268 1674 3299 sex
1684 3271 1808 3308 quinque
1825 3281 1944 3308 quatuor
1960 3273 2003 3302 vel
2020 3273 2104 3302 tribus
2123 3280 2246 3307 quorum
2263 3282 2328 3310 pre-

1269 3307 1340 3337 dieti
1361 3305 1526 3336 Willielmus
1540 3306 1644 3345 Nelsbn
1659 3309 1691 3339 ὃς
1706 3308 1837 3339 Escaetor
1852 3311 1901 3340 sint
1914 3311 1988 3347 duo,
2007 3310 2038 3339 ad
2061 3309 2257 3345 inquirendum
2273 3321 2328 3350 que

1269 3346 1346 3415 {itura
1360 3345 1465 3414 {cerras
1481 3347 1514 3377 &
1533 3345 1714 3376 Tenementa
1731 3347 1862 3378 Robertus
1878 3351 1973 3387 Pepper
1997 3349 2026 3377 in
2055 3346 2206 3378 Comitatu
2233 3350 2325 3388 predi-

1303 3394 1322 3413 o
1395 3393 1422 3413 c.

1308 3406 1398 3453 T’este
1415 3421 1498 3461 Rege
1512 3421 1585 3462 apud
1607 3422 1877 3463 Westmonasterium‚
1897 3423 2028 3456 vicesimo
2046 3422 2104 3453 Die
2114 3422 2201 3461 Julii.

1740 3503 1851 3534 Enon'.

1310 3539 1472 3571 Consimilis
1503 3539 1679 3571 Commisiio
1704 3541 1808 3573 directa
1837 3542 1974 3572 El‘caetori
2006 3540 2173 3573 Comitatus
2202 3543 2322 3581 predicti

1272 3578 1417 3609 Willielmo
1433 3580 1606 3616 Cartwright
1624 3580 1793 3618 Armigero,
1814 3580 1928 3610 Feodar’
1946 3581 1977 3608 de·
1992 3579 2016 3608 le
2045 3581 2134 3617 §Vestr'
2161 3580 2323 3613 Comitatus

1271 3618 1400 3656 predicti,
1417 3617 1513 3647 Tho-we
1531 3622 1573 3648 W
1576 3619 1716 3648 entworth
1732 3619 1893 3655 Armigero,
1910 3617 2045 3656 Francisc'o
2058 3619 2177 3648 Burdett
2194 3621 2323 3660 Armige-

1272 3667 1315 3693 ro,
1335 3655 1450 3685 Roberto
1462 3655 1571 3694 Rockley
1587 3658 1744 3696 Armigero,
1759 3656 1851 3686 carolo
1865 3657 2033 3697 Greenwood
2046 3657 2170 3695 CleriCO,
2189 3660 2221 3690 &
2239 3662 2325 3689 Geor-

1268 3699 1313 3732 gio
1334 3697 1481 3730 Armitnge
1501 3695 1649 3724 Generoso
1660 3718 1668 3732 ‚
1685 3696 1734 3725 hiis
1750 3696 1852 3731 septem
1867 3698 1910 3722 lex
1927 3705 1994 3731 quin
2005 3706 2053 3731 ‘gie
2076 3705 2194 3732 quatuor
2209 3698 2253 3727 vel
2277 3700 2327 3728 tri-

1273 3735 1341 3770 bus,
1359 3741 1482 3770 quorum
1495 3734 1612 3770 predieti
1628 3733 1756 3762 Eicoetor
1772 3734 1803 3762 ὃς
1820 3733 1968 3761 Ρεοάαῐίιιε
1984 3742 2034 3762 unt
2054 3734 2112 3763 duo
2134 3735 2166 3763 ad
2182 3736 2327 3772 inquiren-

1271 3773 1341 3801 dum
1365 3781 1420 3808 que
1442 3771 1519 3808 plura
1533 3771 1635 3800 Terras
1651 3773 1681 3800 δε
1700 3770 1881 3800 Tenementa
1892 3773 2017 3807 Georgius
2030 3770 2125 3801 Savill
2136 3771 2221 3804 Miles
2232 3777 2327 3805 tenuit

1272 3812 1300 3840 in
1317 3809 1467 3839 Comitatu
1481 3809 1607 3847 predieto
1627 3809 1672 3838 die
1690 3818 1748 3845 quo
1762 3810 1850 3845 obi1t,
1869 3809 1928 3839 ἃς.

1273 3886 1288 3916 b
1310 3847 1399 3876 Teste
1423 3846 1505 3885 Rege
1527 3847 1600 3884 apud
1632 3845 1888 3885 westmonasterium
1902 3869 1912 3885 ,
1934 3845 2050 3878 decimo
2072 3849 2172 3887 quinto
2194 3848 2254 3881 Die
2276 3853 2330 3887 Fe·¹

1291 3896 1386 3915 ruarn.

1767 4008 1831 4040 Ea
2290 4022 2335 4050 ΒΕ
