2536 4255
0 277 30 300 n.
44 264 85 298 D.
98 271 133 293 or
149 260 271 293 Somme
284 259 320 291 of
327 260 385 301 five
401 259 506 291 Pounds
514 281 524 298 ,

0 304 17 337 5¹
31 315 56 336 1.

0 367 7 375 .
25 353 51 381 7·

0 391 16 414 ³.
35 389 65 410 r.⁴

3 1983 29 2012 ’τ’

640 151 767 213 ΕΤ
836 166 1109 210 ACTA

1195 150 1676 211 PUBLICA.
2202 170 2278 219 187

99 301 185 338 keing
207 300 263 331 and
284 298 441 340 ingroffing
462 298 502 330 vof
517 297 566 328 the
589 296 689 327 Leases
712 305 747 325 or
763 294 912 331 Graunts3
931 292 987 323 and
1002 291 1056 322 also
1068 292 1113 322 for
1128 290 1177 321 the
1192 288 1299 327 paffing
1313 290 1348 318 of
1362 290 1410 319 the
1426 291 1522 321 Leases
1535 292 1622 322 either
1638 292 1675 321 of
1686 293 1733 322 the
1750 292 1839 324 Great
1855 293 1932 323 Sene
1946 303 1979 323 or
1995 293 2153 332 Exchequer
2177 291 2256 321 Sn-je

99 339 281 378 respeetively
296 362 305 376 ,
329 348 386 369 noe
410 346 492 368 more
514 344 548 366 or
570 342 679 374 greater

95 377 205 410 therein
217 377 255 407 of
263 377 312 408 the
326 377 384 408 like
397 376 487 406 value.

136 415 204 446 And
220 415 328 446 further
340 415 418 446 Wee
431 413 487 443 doe
500 410 603 450 hereby
616 411 683 449 give
700 416 771 439 unto
786 418 844 446 you
854 431 863 445 ,
883 417 916 438 or
931 416 985 445 any
1000 406 1067 438 such
1082 407 1159 438 three

701 332 759 363 Fee
777 341 811 362 or
829 331 897 362 Fees
913 331 980 362 then
1000 329 1105 360 should
1121 338 1154 360 or
1169 327 1262 367 ought
1277 336 1308 357 to
1325 326 1399 356 have
1413 328 1485 358 bene
1498 329 1582 367 pald,
1601 330 1626 359 if
1637 339 1694 360 one
1713 331 1797 369 single
1815 331 1914 369 person
1931 332 1982 362 had
1999 333 2072 362 bene
2094 335 2252 371 contcyim
2278 333 2298 353 r!

544 258 623 290 there
637 257 707 288 111311
721 257 758 287 be
774 255 837 292 paid
851 255 882 285 in
895 263 980 293 every
994 252 1106 284 severall
1121 249 1220 282 Office
1236 250 1274 280 of
1283 250 1331 280 the
1346 250 1506 294 Exchqquer
1519 253 1571 283 and
1589 253 1745 294 chauncery
1759 276 1768 291 ‚
1793 254 1865 285 both
1890 254 1936 285 for
1951 256 2000 285 the
2015 255 2174 292 particulers
2198 263 2256 284 ma·
2280 254 2340 279 ›in-y
2367 251 2409 282 D.·

2306 291 2388 329 «531.

2302 340 2312 355 2.
2338 342 2363 365 7.

2270 372 2336 400 Εἶεν.
2360 381 2383 398 1·

1236 405 1277 433 Et
1297 402 1329 432 de
1346 401 1406 440 plus
1426 412 1491 431 nous
1512 413 1581 433 vous
1594 405 1728 443 donnons,
1740 416 1793 445 par
1810 405 1837 435 la
1851 406 1994 445 Press’nte,
2012 419 2044 438 ou
2058 407 2076 437 ἃ
2092 412 2159 438 trois
2174 419 2205 437 ou
2221 417 2257 436 un

97 463 133 486 or
155 464 235 486 more
255 454 291 484 os
305 462 362 493 you
383 462 411 482 as
423 449 553 481 aforesaid
568 472 577 486 ,
596 448 646 478 full
663 447 768 478 Power
784 448 838 477 and
856 445 1009 486 Authority
1026 454 1058 476 to
1076 445 1160 476 Con-
1191 442 1254 480 plus
1273 441 1365 487 grand
1386 440 1493 471 nombre
1514 442 1544 470 de
1562 452 1631 470 vmi-
1646 465 1654 480 ‚
1675 443 1872 482 plejnyoavrir
1896 445 1932 479 (jv
1958 449 2081 475 autoritff
2093 448 2123 476 de
2139 449 2258 483 traiter,

96 493 170 524 tra&
185 516 194 530 ,
227 490 406 529 Compound
444 489 499 519 and
530 487 622 525 Agree
658 486 730 517 with
757 495 810 526 any
848 484 915 515 such
945 484 1087 515 Recusant
1127 494 1160 514 or
1200 489 1327 510 convemr
1347 478 1384 514 ό
1408 479 1529 508 accora'er
1553 490 1621 508 avec
1643 488 1700 510 tous
1723 482 1758 510 lei
1779 482 1911 520 Retufims
1933 488 2096 514 cosmas-(cus
2120 496 2151 514 ox:
2169 488 2213 525 qui
2232 483 2257 513 le

98 531 257 562 Recusants
280 529 397 560 convie‘t

96 579 151 611 any
180 570 282 608 person
316 575 349 597 or
376 564 488 604 persons
509 572 539 594 to
562 563 663 594 whom
685 563 731 592 the
767 562 859 593 Lands

410 550 420 565 ,
445 537 479 557 or
507 535 538 557 to
562 527 598 555 be
627 523 780 554 convieted
801 533 828 553 as
854 522 984 554 aforesaid
1000 545 1009 560 ,
1033 533 1067 553 or
1091 522 1161 553 with
1193 519 1306 558 firont,
1323 528 1355 547 ou
1371 528 1440 547 avec
1455 515 1492 546 les
1509 517 1654 555 Perlbnnes
1669 541 1677 552 ,
1702 518 1719 547 ἃ
1735 524 1779 557 qus·
1793 520 1828 549 les
1844 525 1934 550 Tem-cs
1948 522 1984 555 <32
2000 523 2036 551 Lvs
2052 524 2126 552 baux
2141 523 2184 552 des
2201 525 2255 551 Re-

882 572 915 592 or
940 561 1035 591 Leaies
1053 560 1090 590 of
1110 570 1163 600 any
1201 557 1296 596 cusbns
1311 563 1413 585 aurant
1425 557 1472 585 lte‘
1482 555 1553 584 cedt'r
1575 564 1611 583 ou‘
1623 555 1787 593 transportet
1798 581 1805 594 ,
1825 558 1842 587 ἃ
1859 558 1994 598 l'orcaszon
2011 561 2041 588 αἶς
2056 568 2113 590 tous
2127 572 2166 590 ces
2177 562 2254 590 arrd-

101 608 172 638 such
193 605 346 637 Recusants
364 604 438 635 have
457 604 532 633 bene
552 601 687 641 graunted
712 611 746 632 or
760 600 904 638 demised,
919 609 953 629 or
968 599 1116 630 otherwise
1131 600 1168 629 of
1201 606 1277 633 rages
1291 605 1324 624 ou
1330 593 1442 634 fimmes
1457 593 1489 622 de
1507 594 1612 623 denierr
1623 597 1668 632 qui
1685 604 1748 623 nous
1755 594 1851 638 ῥὶς-σπι
1866 597 1931 635 dus,
1950 597 2066 636 ausujet
2080 600 2113 628 d?
2127 610 2256 629 non-con-

100 646 146 676 for
165 655 200 675 or
223 643 399 682 concerning
418 638 453 672 all
474 641 543 672 such
563 641 708 678 Arrerages
722 663 731 677 ‚
754 639 873 669 Somme
896 637 950 669 and
974 637 1109 668 Sommes
1130 638 1166 667 of

100 683 215 722 Money
235 681 411 713 whatsoever
423 704 433 718 ,
458 691 485 710 as
508 689 552 711 are
567 689 601 709 or
617 678 683 709 shall
698 679 733 708 be
747 678 803 708 due
818 688 850 707 or
864 678 893 708 in
907 685 1012 707 arreare
1028 684 1098 705 unto
1115 675 1162 706 Us

102 722 144 763 by
161 720 256 752 reason
271 719 307 750 of
318 719 367 750 the
389 719 556 757 Recusancy
575 718 611 748 of
631 726 685 755 any
699 716 765 747 such
780 716 878 758 person
893 725 927 745 or
944 714 1056 751 persons
1071 713 1162 744 what-

102 761 201 792 soever
211 782 221 797 ,
245 759 274 789 in
295 757 364 788 such
380 767 497 788 manner
509 767 537 787 as
550 756 700 791 aforesaid;
721 755 803 792 And,
821 758 866 785 ior
879 754 928 784 the
941 754 1031 783 better
1045 761 1161 783 accom-

101 797 256 837 plissiment
276 797 333 827 and
354 797 553 836 performance
572 794 610 824 of
619 793 672 824 this
687 793 750 824 Our
765 792 980 836 (301001111ῐο0,
996 791 1073 822 Wee
1092 791 1162 821 Will

101 835 157 867 and
181 835 370 867 Commaund
394 835 459 864 Our
480 831 725 864 Remembrancer
744 831 780 861 of
790 830 854 860 Our
875 830 930 861 said
947 829 1040 860 Court
1054 828 1091 861 of
1104 832 1166 859 Ex-

102 874 233 914 chequer,
248 874 312 904 Our
325 874 493 910 Treasurer,
512 871 757 902 Remembrancer
775 869 829 899 and
846 868 946 900 Clarks
964 868 999 898 of
1009 869 1058 899 the
1078 867 1165 905 Pipe,

104 915 160 944 and
183 913 218 943 all
243 913 311 943 such
335 912 476 948 Officers,
496 909 597 940 Clerks
613 908 667 939 and
681 907 827 939 Ministers
843 908 880 938 os
891 908 939 939 the
952 907 1005 937 said
1024 907 1118 938 Court
1135 916 1165 936 to

103 952 209 983 whom
226 951 247 982 it
261 951 328 982 111311
343 961 377 980 or
393 959 457 988 may
479 957 662 987 appertayne,
682 947 762 990 Tliat
779 946 847 986 they
863 946 918 977 and
934 955 1019 985 every
1039 946 1075 976 of
1085 945 1165 976 tliem

103 990 174 1022 111311
197 991 232 1020 be.
254 989 400 1025 attending
416 1010 426 1024 ‚
450 987 543 1026 aiding
565 987 619 1017 and
642 984 763 1023 affisting
785 994 858 1016 unto
879 994 937 1024 you
961 985 1015 1015 and
1031 993 1115 1023 every
1131 983 1168 1013 of

104 1039 165 1071 you
181 1051 191 1066 ‚
215 1030 244 1058 in
265 1028 312 1058 the
332 1026 386 1056 due
402 1025 562 1056 Execution
582 1025 619 1054 of
631 1025 684 1054 this
700 1024 763 1054 Our
780 1023 974 1054 Commiffion
991 1023 1068 1053 from
1085 1031 1164 1065 tyme

103 1075 137 1135 ‘3
156 1060 1165 1139 ‘y‘ffsstssrsthiffasssisssiss'fii‘sfe(33505333i{ssaffieaiessengif‘ss-&Adssr‘lissii

105 1116 345 1174 animiffioners
360 1165 369 1180 ,
396 1141 450 1172 and
475 1150 504 1171 to
529 1141 594 1171 Our
608 1111 688 1170 1.,οῶ
707 1139 902 1170 Chauncellor
917 1147 948 1168 or
966 1137 1043 1168 Lord
1058 1137 1172 1174 Keeper

103 1182 141 1212 of
163 1181 228 1212 Our
250 1180 339 1211 Great
362 1180 440 1211 Seale
464 1180 501 1210 of
518 1179 652 1217 England
671 1179 717 1209 for
737 1178 786 1208 tlie
802 1185 880 1217 ryme
894 1177 997 1214 being,
1016 1176 1069 1206 and
1090 1183 1121 1206 to
1143 1175 1178 1204 all

1191 633 1326 672 firmite‘,
1343 632 1411 672 ainfi
1423 630 1492 673 qu’il
1503 631 1539 671 est
1555 631 1597 660 dit
1612 631 1751 669 ci-deffiaesz,
1770 640 1807 666 (9⁶

1820 633 1878 699 §fin
1899 635 1929 663 de
1952 639 2039 664 mieux
2052 637 2189 676 accomplr'r
2203 644 2258 667 cet-

1201 679 1228 701 te
1241 669 1405 709 Commtfflon
1415 693 1425 708 ,
1441 681 1505 700 nous
1520 669 1636 700 voulons
1648 669 1685 704 όν
1702 681 1817 700 commun
1839 681 1885 700 0715
1910 683 1946 701 au
1969 676 2114 704 Secretaire
2129 677 2160 704 de
2178 684 2256 706 notre

1200 714 1270 740 Cour
1282 710 1314 739 de
1328 709 1520 747 l'Echiquier‚
1538 719 1574 738 au
1588 707 1738 747 Tre'sbrier,
1755 719 1791 737 au
1805 711 1952 739 Serretar're
1966 709 2004 745 (ἐν
2024 724 2080 742 aux
2095 717 2207 743 Commis
2220 715 2257 744 du

1197 748 1292 786 grand
1304 747 1422 777 Rouleau
1435 770 1446 787 ,
1462 746 1500 781 &
1517 748 1534 776 a*
1549 755 1606 776 tous
1622 746 1660 776 les
1677 745 1812 784 Officiers,
1831 749 1942 776 Commi:
1960 749 1998 783 όν
2014 751 2151 790 Ministres
2168 754 2199 782 de
2214 753 2258 782 la-

1201 789 1257 817 dite
1274 789 1342 816 Cour
1357 786 1374 816 a*
1390 798 1435 826 qur
1448 785 1470 815 il
1484 785 1692 824 appartiendra‚
1709 783 1786 824 qu'r'ls
1801 787 1876 814 aient
1900 793 1958 814 tous
1975 788 1992 814 ἂ
2005 787 2035 826 se
2049 789 2142 818 rendre
2162 791 2259 830 aupre's

1203 826 1234 855 de
1259 835 1340 862 vous,
1359 824 1397 860 &⁴
1419 825 1437 855 ἃ
1457 835 1524 853 vous
1542 824 1618 853 aider
1641 822 1679 857 ὠ·
1701 822 1802 864 affister
1813 822 1844 851 de
1859 830 1925 852 tems
1941 824 1958 853 ἃ
1973 834 2051 855 autre
2064 827 2133 856 dans
2146 827 2260 859 l’exe‘cu-

1204 867 1262 894 tion
1285 863 1316 893 de
1341 870 1411 893 cette
1432 862 1594 902 Commtffi‘on
1610 885 1619 901 ,
1636 860 1711 900 filon
1732 873 1781 902 que
1805 860 1833 890 la
1857 862 1978 899 necessit(
1989 865 2018 892 de
2032 873 2107 894 notre
2114 864 2221 904 strvice
2237 864 2260 897 le

1204 901 1368 932 demandera
1382 912 1393 940 ,-
1420 899 1458 935 ὀ*
1478 912 1517 931 ces
1531 902 1789 930 LettresVPatemes
1800 910 1868 929 vous
1883 899 2028 939 fi’rviront
2045 902 2061 930 ιὶ
2075 914 2143 933 vous
2157 906 2260 943 nofilits

1201 939 1396 978 'Commrffzires
1410 937 1448 973 ὠ·
1463 939 1482 969 ἂ
1496 939 1598 969 chacun
1612 939 1643 968 de
1658 949 1725 968 vous
1741 961 1751 975 ,
1775 949 1810 966 au
1826 940 1905 967 Lord
1918 946 1993 966 notre
2008 939 2162 972 Chameher
2177 954 2209 972 ou
2222 954 2258 973 au

1204 978 1284 1008 Lord
1294 979 1386 1007 Garde
1403 978 1434 1007 de
1449 985 1526 1007 notre
1543 977 1740 1007 Grand-Sceau
1756 977 1949 1014 d'.—xnglcterre
1964 986 1996 1006 ou
2011 981 2055 1017 qm·
2071 979 2094 1007 le
2100 979 2259 1019 ftr071t,&

1204 1017 1222 1047 a*
1242 1024 1301 1045 tous
1323 1026 1371 1045 nos
1390 1014 1511 1053 Officiers
1526 1039 1535 1054 ‚
1558 1019 1673 1046 Commis
1694 1013 1732 1049 (ῤ’
1752 1016 1893 1054 Ministres
1915 1015 1933 1044 ἃ
1949 1018 1994 1054 qui
2011 1015 2032 1043 τί
2045 1020 2260 1058 appartieadra,

1203 1055 1314 1084 d'ordre
1327 1052 1459 1093 Juffifhnt
1478 1057 1516 1089 &⁴
1539 1055 1558 1084 d
1564 1055 1621 1083 'une
1645 1058 1747 1083 entiere
1759 1053 1903 1092 dfrlaaerge,
1921 1061 2011 1082 contre
2025 1064 2105 1091 mus,
2121 1067 2165 1085 nos
2179 1060 2261 1088 Hm*-

1205 1096 1273 1123 tierx
1286 1091 1323 1128 (ἂν
1339 1093 1497 1130 Succeffi’urs
1514 1117 1523 1130 ,
1543 1092 1560 1122 ἂ
1576 1100 1615 1122 ret
1630 1093 1719 1130 e‘gard.

1198 1169 1261 1200 Our
1280 1168 1405 1199 Officers
1420 1193 1429 1206 ,
1448 1168 1548 1199 Clerks
1564 1168 1616 1199 and
1634 1168 1777 1199 Ministers
1792 1176 1823 1199 to
1838 1168 1939 1200 whom
1954 1169 1975 1200 it
1991 1169 2060 1200 shall
2079 1178 2266 1210 apperteyne,

103 1229 120 1250 a
134 1219 276 1251 sufficient
288 1220 426 1251 Warrant
443 1218 496 1249 and
512 1219 604 1249 cleere
620 1217 811 1248 Exoneration
826 1215 880 1245 and
894 1215 1038 1254 dischirge
1057 1212 1163 1253 against
1185 1208 1245 1246 Us,
1265 1207 1328 1238 Our
1346 1207 1447 1237 Heires
1462 1209 1517 1237 and
1531 1207 1695 1238 Succeffors
1710 1209 1739 1237 in
1754 1208 1949 1238 that-belialfe.

140 1305 177 1336 In
191 1305 308 1337 Witnes
322 1305 472 1343 whereof,
491 1303 551 1340 &c.

102 1389 106 1421 ’ζ
144 1382 261 1414 Witnes
278 1382 343 1414 Our
354 1381 420 1412 stlfe
432 1389 458 1411 at
476 1377 652 1419 Westmiuster
663 1403 671 1416 ,
687 1379 734 1409 the
749 1378 902 1410 tliirtecntli
922 1377 985 1418 Day
1002 1379 1037 1409 of
1045 1378 1137 1418 June.

799 1468 852 1496 Per
867 1465 949 1505 ipsam
963 1470 1067 1504 Regem.

470 1602 583 1633 forma
603 1596 820 1642 Conccffionum.

107 1693 255 1752 REX,
273 1694 421 1726 Omnibus
443 1694 476 1725 ad
493 1703 581 1732 quOS,
599 1694 659 1724 ἅτε.
676 1693 811 1724 Salutem.
831 1693 912 1724 Cum
931 1697 961 1724 T.
980 1698 1010 1725 T.
1029 1694 1065 1725 de
1080 1697 1117 1724 L.
1138 1695 1167 1724 in

182 1734 336 1765 Comitatu
361 1737 390 1764 S.
407 1733 557 1772 generosus
576 1731 718 1763 Recusans
736 1734 854 1763 antehac
874 1733 1022 1763 indic-tatus
1036 1757 1045 1770 ,
1071 1743 1104 1764 ac
1124 1733 1166 1763 su-

107 1772 224 1812 perinde
242 1773 382 1813 legittime
402 1772 563 1802 Convietus
582 1771 633 1801 fuit
650 1795 659 1809 ,
687 1781 738 1807 pro
757 1781 792 1800 eo
811 1772 888 1809 quod
908 1771 984 1802 idem
1010 1775 1039 1801 T.
1056 1774 1086 1801 T.
1107 1781 1167 1801 non

107 1811 224 1843 accessit
253 1814 286 1842 ad
311 1811 433 1849 aliquam
459 1809 618 1841 Ecclesiam
635 1832 644 1847 ,
671 1809 820 1846 Capellam
835 1833 844 1847 ,
864 1819 909 1840 aut
929 1810 1050 1840 usualem
1069 1810 1168 1840 locum

111 1849 287 1881 Communis
314 1849 488 1880 Precationis
503 1872 512 1885 ,
540 1847 584 1878 sed
604 1847 736 1880 abstinuit
751 1849 786 1877 ab
805 1848 908 1878 eisdem
926 1857 1025 1879 contra
1044 1848 1168 1879 formam

111 1888 213 1920 Statuti
232 1889 262 1918 in
279 1887 441 1926 hujusmodi
460 1887 522 1918 casu
538 1887 606 1917 editi
626 1887 659 1917 &
678 1886 800 1924 provisi,
819 1886 957 1924 Cumque
975 1889 1059 1917 etiam
1078 1887 1170 1926 predi-

114 1928 178 1959 ‹stus
191 1930 221 1957 Τ.
231 1929 261 1955 Τ.
272 1926 426 1957 deiaultum
441 1925 508 1956 fecit
523 1926 553 1955 in
566 1925 705 1956 solutione
720 1929 822 1962 viginti
835 1925 967 1955 librarum
986 1936 1033 1963 per
1046 1927 1063 1945 *³
1083 1925 1170 1956 Men-

113 1966 171 1997 sem
185 1965 285 1995 Nobis
300 1966 328 1994 in
344 1964 506 2002 Receptum
516 1963 656 1994 Scaccarii
671 1963 775 2001 nostri,
795 1974 846 2002 pro
862 1966 895 1995 ὅ(
912 1967 1018 1994 ratione
1027 1964 1171 1995 Recusan-

112 2007 156 2036 cie
178 2004 222 2034 sue
246 2003 370 2041 prediete
385 2026 395 2041 ,
417 2011 519 2034 contra
541 2003 664 2032 formam
688 2002 789 2033 Statuti
806 2004 834 2032 in
853 2003 1010 2041 hujusmodi
1026 2004 1088 2033 casu
1103 2003 1171 2034 editi

112 2044 147 2075 ὃς
162 2042 281 2081 provisi,
301 2043 406 2072 ratione
424 2041 566 2079 cujusdam
585 2040 716 2078 defaulti,
738 2041 782 2078 jus
800 2041 833 2071 ὃς
850 2042 945 2072 titulus
962 2041 1059 2071 Nobis
1073 2051 1171 2072 accre-

113 2083 155 2112 vit
174 2090 222 2118 per
241 2080 404 2118 processum
423 2089 499 2111 eittra
525 2079 645 2110 Curiam
671 2079 811 2110 Scaccarii
828 2079 912 2110 nostri
932 2090 1032 2118 capere
1047 2102 1057 2118 ,
1085 2080 1172 2111 seifire

101 2121 148 2151 ,δε
164 2118 285 2160 gaudere
302 2119 399 2149 omnia
418 2118 498 2149 Bona
515 2118 548 2148 &
567 2117 692 2156 Camilia,
710 2119 743 2150 &
761 2118 827 2148 duas
841 2128 946 2157 pruteS,
966 2129 1023 2150 tam
1038 2120 1173 2150 omnium

101 2159 267 2191 ,Terrarum
282 2180 292 2196 ,
326 2158 573 2188 Tenementorum
601 2158 635 2188 &
661 2156 960 2188 Hereditamentorum
985 2158 1173 2188 onerabilium

113 2196 162 2228 tali
180 2197 295 2227 Seizure
313 2196 358 2226 vel
376 2196 523 2227 Penalitati
542 2195 674 2233 preditffis
689 2219 698 2232 ,
726 2205 774 2233 per
791 2197 823 2225 ὅς
842 2195 995 2226 secundum
1017 2206 1113 2227 veram
1132 2197 1176 2226 in-

113 2235 270 2266 tentionem
297 2234 396 2265 Statuti
421 2234 537 2272 predieti
564 2234 608 2264 vel
633 2235 748 2272 alicujus
773 2244 871 2264 eorum
891 2246 901 2272 3
931 2233 1068 2273 Cumque
1092 2236 1175 2265 etiam

115 2283 166 2311 per
185 2273 324 2312 quandam
343 2273 551 2310 inquisitionem
565 2272 758 2310 [ndentatam,
776 2283 885 2312 captam
903 2274 976 2310 apud
996 2277 1032 2303 L.
1052 2275 1080 2304 in
1096 2273 1176 2304 dieto

117 2311 266 2342 Comitatu
286 2311 384 2342 nostro
403 2315 429 2341 S.
447 2311 493 2341 die
510 2312 543 2342 &
563 2311 651 2342 Anno
672 2311 783 2349 Regni,
801 2314 863 2342 &c.
882 2321 980 2343 coram
1000 2314 1039 2341 N.
1059 2314 1091 2341 P.
1113 2311 1177 2342 Mi-

117 2350 166 2380 lite
183 2351 215 2381 ὃ(
235 2351 292 2380 aliis
308 2349 566 2381 Commiffionariis
580 2349 699 2388 nostris,
718 2351 822 2380 virtute
841 2349 1062 2381 Commiffiouis
1080 2350 1175 2382 nostre

117 2396 190 2418 esttra
218 2388 336 2419 Curiam
360 2388 498 2419 Scaccarii
526 2387 614 2418 nostri
639 2389 676 2418 eis
703 2388 736 2418 &
755 2389 812 2418 aliis
830 2388 953 2427 dii-cete,
975 2389 1019 2420 Ac
1038 2389 1129 2420 modo
1146 2391 1175 2419 in

116 2425 256 2457 Custodia
283 2427 526 2457 Rememoratoris
544 2426 680 2457 Thesauri
706 2426 794 2457 nostri
814 2428 844 2457 in
862 2428 1011 2458 scaccario
1030 2437 1178 2459 remanen-

116 2472 197 2501 tem,
215 2473 398 2502 compertum
418 2465 508 2496 extistit
529 2466 606 2503 quod
627 2464 766 2502 predic‘tus
781 2469 811 2495 T.
829 2470 856 2495 Γ
879 2465 987 2496 Seilitus
1003 2466 1055 2498 suit
1072 2469 1100 2497 in
1115 2468 1176 2497 &c.

115 2503 155 2534 de
182 2503 216 2534 &
241 2504 271 2533 in
297 2502 432 2533 Manerio
455 2505 512 2534 sive
538 2504 632 2534 Firma
657 2504 694 2533 de
721 2506 759 2533 L.
777 2513 845 2535 cum
865 2506 1033 2541 pertinentiis
1053 2507 1082 2535 in
1098 2506 1178 2536 dieto

118 2541 269 2572 Comitatu
289 2540 390 2571 nostro
405 2544 432 2570 S.
452 2552 485 2572 ac
508 2542 672 2581 Mesuagiis,
693 2542 844 2581 Gardffiis,
862 2543 1014 2583 Pomariis,
1032 2544 1129 2574 Terris
1145 2546 1178 2574 ὁ(

119 2580 309 2612 Tenementis
327 2590 395 2610 cum
414 2581 587 2618 pertinentiis
604 2581 699 2611 eidem
720 2580 852 2612 Manerio
868 2581 927 2612 sive
942 2582 1037 2613 Firme
1055 2582 1181 2620 specstan-

121 2619 198 2650 tibus
216 2618 271 2649 sive
290 2619 493 2656 pertinentibus
511 2641 520 2656 ,
546 2619 664 2649 scituato
678 2619 791 2657 jacente
810 2621 842 2650 δε
861 2620 994 2651 existente
1013 2623 1040 2650 in
1064 2624 1090 2649 D
1119 2622 1179 2652 &c.

123 2656 216 2688 modo
234 2657 280 2687 vel
297 2666 386 2694 nuper
406 2657 434 2686 in
454 2667 552 2687 tenura
577 2658 634 2688 five
658 2658 849 2695 occupatione
872 2659 1014 2697 cujusdam
1033 2661 1070 2688 E.
1087 2662 1117 2688 F.
1135 2659 1182 2690 vel

125 2695 339 2735 Affignatorum
358 2696 488 2734 suorum,
507 2706 620 2726 necnon
638 2695 674 2726 de
692 2697 725 2727 &
746 2698 792 2734 in,
810 2698 872 2728 δερ.

160 2734 259 2764 Sciatis
279 2733 358 2772 quod
376 2734 461 2771 Nos,
481 2743 539 2764 tam
555 2736 584 2764 in
604 2733 826 2766 consideratione
841 2736 964 2766 annualis
983 2735 1122 2768 Redditus
1141 2737 1184 2766 in-

125 2772 210 2803 ferius
229 2782 277 2809 per
297 2772 432 2809 presentes
450 2773 593 2810 reservati,
613 2782 697 2810 quam
717 2782 770 2810 pro
788 2774 870 2804 bonis
888 2775 944 2804 aliis
964 2775 1047 2805 caulis
1061 2777 1094 2806 &
1112 2785 1184 2806 con-

127 2810 335 2841 siderationibus
362 2810 430 2841 Nos
457 2811 491 2841 ad
510 2811 617 2848 presens
636 2811 787 2849 specialiter
804 2813 988 2844 moventibus
1005 2836 1014 2851 ‚
1039 2813 1186 2853 Elegimus

128 2850 163 2881 &
183 2849 372 2887 Accepimus,
390 2850 424 2879 &
443 2859 491 2885 per
509 2851 645 2886 presentes
665 2849 801 2888 Eligimus
814 2851 846 2881 &
865 2852 1031 2889 Accipimus
1045 2853 1113 2882 duas
1127 2862 1187 2890 par-

129 2895 170 2917 tes
189 2896 322 2918 omnium
341 2888 374 2918 &
392 2886 565 2926 singulorum
586 2887 802 2926 premissorum,
821 2891 858 2919 de
876 2891 979 2927 quibus
999 2891 1137 2927 predictus
1156 2893 1186 2921 T.

129 2928 162 2955 T.
181 2925 219 2956 slc
237 2933 269 2955 ut
284 2925 437 2963 prefertur,
456 2925 556 2956 seisitus
574 2926 645 2962 fuit,
663 2925 700 2956 Et
717 2926 783 2956 duas
802 2936 892 2964 partes
907 2930 1039 2958 omnium
1057 2930 1188 2967 aliorum,

129 2962 285 2994 Terrarum
302 2987 312 3001 ,
335 2964 588 2994 Tenementorum
614 2963 966 3003 &Hereditanientorum
984 2968 1017 2998 ὃ(
1039 2966 1189 2997 Dimiss'io-

129 3010 203 3032 num
222 3002 319 3038 prefati
344 3005 373 3032 T.
394 3005 425 3032 T.
448 3011 501 3039 pro
523 3003 555 3033 ὅ(
579 3003 608 3032 111
628 3001 819 3033 satisfactione
841 3005 974 3034 omniurn
995 3004 1189 3044 Debitorum,

128 3039 318 3070 Penalitatum
338 3040 370 3070 δε
388 3040 636 3071 Εοτ1εῆιὲ101310111
655 3040 752 3071 Nobis
775 3042 948 3072 Debitotum
974 3044 1007 3074 &
1033 3042 1189 3074 Debendo·

128 3088 193 3109 rum
211 3100 221 3116 ,
246 3086 299 3115 pro
317 3086 376 3108 non
394 3077 543 3109 Solutione
560 3082 662 3116 viginti
678 3079 811 3109 librarum
829 3090 875 3118 pei·
901 3080 1034 3112 Mensem
1056 3091 1108 3119 pro
1127 3081 1188 3113 Re-

128 3116 258 3148 cusancia
276 3116 396 3153 predicti
418 3119 449 3146 T.
468 3119 498 3146 T.
519 3116 629 3148 Omnia
649 3120 681 3149 ὃς
701 3118 814 3157 Singula
840 3129 895 3156 que
919 3119 1035 3156 quidem
1062 3119 1187 3159 Debita,

130 3154 331 3186 Forisfat‘turas
353 3155 386 3186 &
413 3153 599 3185 Pecuniarum
618 3156 748 3186 Summas
765 3181 774 3194 ‚
801 3167 852 3195 pro
871 3157 989 3195 Nobis,
1009 3158 1188 3198 Heredibus,

129 3194 165 3225 &
185 3192 398 3224 Successbribus
413 3192 515 3223 nostris
534 3193 643 3231 prefato
664 3197 694 3224 T
713 3199 743 3225 T.
770 3195 932 3227 Heredibus
949 3221 958 3235 ,
983 3196 1189 3228 Executoribus

131 3232 166 3262 &
186 3230 468 3263 Administratoi·ibus
494 3232 544 3261 suis
558 3253 567 3268 ,
589 3241 641 3269 pro
660 3233 927 3265 considerationibus
947 3235 1095 3274 predictis,
1123 3235 1190 3265 Par-

132 3270 270 3301 donamus
285 3294 295 3307 ,
320 3270 492 3300 remittimus
513 3271 546 3301 &
563 3271 716 3300 relaxamus
735 3281 783 3308 per
801 3273 950 3309 presentes:
972 3273 1017 3304 Ac
1036 3284 1088 3311 pro
1108 3275 1140 3305 ὃς
1160 3276 1188 3304 111

131 3308 352 3339 consideratione
367 3308 490 3346 predicta
504 3307 540 3339 de
552 3309 639 3347 gratia
652 3308 745 3339 nostra
758 3309 884 3347 speciali,
901 3322 934 3342 ac
950 3322 983 3342 ex
996 3322 1073 3343 certa
1089 3312 1189 3343 Scien-

133 3348 170 3377 tia
186 3348 218 3377 &
239 3356 320 3377 mero
337 3356 419 3376 m0tu
438 3346 538 3377 nostris
556 3347 720 3377 tradidimus
733 3370 743 3384 ,
762 3348 952 3380 concessimus
969 3352 1002 3381 &
1024 3351 1057 3381 ad
1078 3351 1188 3382 firmam

131 3385 305 3423 dimisimus,
324 3394 357 3415 ac
377 3394 425 3422 per
444 3385 579 3422 presentes
597 3385 749 3424 tradimus,
773 3388 958 3419 concedimus
974 3391 1007 3420 &
1025 3389 1061 3420 ad
1076 3389 1188 3420 firmam

130 3424 319 3461 dimlttimus,
339 3422 459 3462 perfideli
479 3423 590 3454 subdito
606 3423 707 3454 nostro
720 3427 750 3454 T.
770 3428 815 3455 M.
832 3426 868 3456 de
886 3429 922 3455 L.
942 3427 1101 3465 generoso,
1127 3438 1189 3465 pre-

131 3462 220 3494 distas
233 3461 298 3492 duas
319 3470 407 3498 partes
425 3463 559 3492 omnium
579 3463 613 3494 &
632 3462 802 3501 singulorum
821 3465 1020 3503 premissorum
1038 3489 1046 3503 ,
1073 3465 1109 3496 de
1127 3469 1189 3504 qui-

131 3502 185 3531 bus
202 3500 343 3540 predffitus
361 3503 392 3529 T.
412 3502 441 3529 T.
459 3501 494 3530 sic
513 3509 543 3531 ut
560 3500 698 3537 prefertur
713 3501 814 3532 seisitus
832 3503 876 3533 vel
895 3503 1104 3541 poffeffionatus
1119 3504 1189 3544 fuit,

133 3539 181 3571 Ac
200 3541 285 3570 etiam
311 3539 409 3568 omnia
435 3538 468 3569 δε
488 3538 593 3578 lingula
613 3538 757 3576 Mesuagia
776 3563 786 3577 ,
810 3540 912 3572 Terras
927 3565 935 3580 ,
954 3543 1134 3573 Tenementa
1155 3544 1188 3573 ὃς

133 3577 382 3614 Hereditamenta,
403 3576 536 3607 Manerio
550 3576 605 3608 five
621 3577 716 3608 Firme
729 3578 873 3618 predictis,
891 3590 938 3611 aut
949 3581 1032 3612 alicui
1047 3580 1111 3611 inde
1128 3590 1189 3618 par-

133 3617 155 3647 ti
172 3616 218 3647 vel
237 3616 356 3653 parcelle
372 3615 523 3653 spectantia
537 3615 582 3646 vel
600 3617 775 3653 pertinentia.

167 3654 342 3685 Habendum
352 3678 362 3692 ‚
378 3653 553 3691 tenendum,
570 3655 782 3691 percipiendum
799 3656 833 3686 &
847 3656 1028 3695 gaudendum
1042 3658 1139 3688 omnia
1156 3659 1189 3688 &

135 3693 239 3731 singula
256 3693 385 3730 premissa
401 3692 520 3730 superius
536 3701 585 3729 per
602 3693 739 3730 presentes
757 3693 867 3725 diniissa
888 3696 933 3725 seu
953 3696 1126 3726 mentionata
1144 3696 1190 3726 fo-

135 3740 166 3761 re
183 3731 295 3761 dimiffii
313 3741 381 3762 cum
401 3741 502 3761 eorum
521 3731 691 3767 pertinentiis
708 3732 838 3763 universis
853 3756 861 3770 ,
880 3734 987 3771 prefato
1003 3737 1033 3763 T.
1053 3737 1098 3764 M.
1117 3734 1190 3766 Exe-

136 3769 281 3800 cutoribus
300 3771 333 3802 ὅ(
350 3769 500 3808 Affignatis
516 3769 584 3806 suis,
601 3779 615 3799 a
631 3769 720 3807 festo,
739 3771 801 3801 ὅτε.
823 3772 907 3811 usque
925 3772 960 3802 ad
986 3772 1072 3803 finem
1091 3775 1191 3804 termi-

138 3807 168 3837 ni
188 3806 231 3837 vel
252 3817 303 3845 pro
323 3809 446 3840 termino
459 3832 469 3846 .,
488 3809 550 3839 &c.
563 3816 667 3838 extunc
685 3809 815 3846 proxime
834 3809 1000 3848 sequentem
1019 3813 1052 3842 &
1071 3812 1192 3849 plenarie

140 3843 345 3882 complendum
359 3871 369 3884 ,
397 3847 416 3877 si
444 3846 573 3884 permista
599 3845 723 3884 predicta
744 3854 800 3876 tam
823 3846 870 3877 diu
897 3851 924 3877 in
944 3850 1073 3881 manibus
1091 3850 1193 3881 nostris

139 3884 203 3914 fore
221 3884 390 3921 contigerint
408 3887 514 3916 ratione
533 3884 711 3916 Recusancie
724 3884 843 3922 prediffi
859 3888 890 3915 T.
908 3890 938 3916 T.

177 3920 342 3952 Reddendo
365 3923 431 3953 inde
453 3925 598 3954 annuatim
617 3923 732 3962 Nobis,
748 3921 910 3955 Heredibus
928 3927 961 3957 ὃς
979 3925 1194 3959 Successor-ibus

139 3959 260 3996 nostris,
282 3959 343 3990 &c-
367 3959 460 3997 legalis
483 3971 598 3993 monete
616 3961 718 4000 Anglie
732 3961 766 3992 ad
784 3961 887 3992 festum
899 3985 909 4000 ‚
933 3964 993 3993 &c.
1020 3974 1069 4002 per
1085 3967 1195 4004 equales

141 3999 288 4037 portiones
313 3996 347 4027 ad
372 3997 532 4037 Receptum
558 4000 696 4031 Scaccarii
719 3999 807 4030 nostri
833 4000 877 4030 vel
894 4001 927 4031 ad
947 4012 1046 4033 manus
1060 4004 1118 4034 talis
1134 4005 1195 4035 Re-

140 4037 281 4075 ceptoris,
297 4035 384 4075 qualis
402 4036 472 4067 Nos
486 4039 531 4069 vel
550 4038 678 4069 Heredes
692 4040 725 4070 &
740 4038 918 4069 Successores
936 4039 1025 4071 nostri
1043 4041 1093 4072 sub
1108 4043 1195 4083 Mag*

136 4087 177 4109 rio
203 4075 302 4112 Sigillo
327 4074 426 4105 nostro
445 4075 547 4115 Anglie
565 4099 575 4116 ,
591 4077 628 4109 de
645 4087 775 4117 tempore
793 4079 822 4108 in
840 4086 951 4117 ternpus
967 4088 1022 4117 pro
1040 4079 1196 4121 Receptio-

176 4117 249 4145 Tam.
269 4115 352 4145 VIII.
377 4114 410 4144 Ρ.
425 4115 485 4145 111.

1195 1854 1298 1891 -perius
1323 1862 1372 1890 per
1399 1853 1533 1890 presentes
1559 1852 1711 1882 reservatus
1729 1875 1737 1888 ,

1249 1297 1296 1325 En
1306 1293 1353 1335 foi
1368 1293 1400 1323 de
1412 1297 1487 1333 quoi,
1506 1295 1568 1326 &a

1248 1382 1369 1410 Tmolus
1383 1379 1555 1411 nous-memes
1567 1381 1585 1410 ci
1600 1379 1820 1419 Westminstcr,
1840 1379 1865 1411 l'e
1881 1383 2018 1411 treizieme
2034 1379 2065 1411 de
2074 1381 2153 1419 Juin.

1866 1457 1919 1488 Per
1934 1457 2023 1496 ipsum
2043 1457 2166 1497 Regem.

1208 1593 1244 1613 rie
1262 1583 1358 1614 talium
1376 1581 1557 1613 Reddituum
1575 1582 1737 1613 nostrorum
1756 1582 2011 1620 appunctuavimus
2030 1582 2076 1613 vel
2090 1583 2267 1620 3000116103-

1210 1623 1320 1661 bimus,
1341 1622 1440 1660 Qiem
1460 1622 1575 1659 quidem
1597 1621 1753 1652 Reddituni
1772 1622 1808 1652 110
1827 1629 1990 1658 receptum,
2011 1620 2151 1652 Volumus
2169 1624 2203 1654 &
2219 1624 2270 1653 dea

1206 1661 1353 1691 crevimus
1370 1660 1496 1697 impendi
1516 1662 1548 1691 &
1566 1660 1696 1699 applicari
1715 1659 1748 1689 ad
1775 1660 1903 1697 publicos
1925 1660 1985 1690 usus
2005 1670 2057 1697 pro
2075 1660 2155 1690 bono
2173 1662 2267 1698 publi-

1206 1709 1243 1729 co
1261 1700 1290 1729 in
1312 1698 1410 1728 Literis
1430 1698 1592 1729 Patentibus
1609 1698 1721 1734 Magno
1741 1698 1838 1737 Sigillo
1857 1697 1953 1728 nostro
1973 1699 2101 1736 Sigillatis
2116 1722 2125 1735 ,
2143 1701 2267 1738 gerenti-

1206 1738 1258 1767 bus
1276 1737 1370 1767 datam
1390 1736 1544 1767 undecimo
1563 1737 1608 1766 die
1620 1736 1785 1766 Novembris
1799 1737 1888 1767 Anno
1906 1736 2000 1775 Regni
2017 1737 2105 1767 nostri
2120 1741 2204 1775 primo
2221 1747 2270 1769 ex-

1206 1775 1300 1813 pressis
1317 1776 1351 1806 &
1370 1785 1429 1805 non
1448 1775 1534 1805 aliter.

1244 1814 1363 1845 Proviso
1389 1814 1498 1850 semper
1521 1812 1599 1851 quod
1621 1813 1639 1842 si
1664 1813 1804 1850 predictus
1821 1813 1943 1855 annualis
1962 1813 2101 1844 Redditus
2118 1836 2127 1851 ,
2143 1815 2205 1844 &c.
2224 1814 2268 1846 su-

1762 1854 1854 1882 aretro
1880 1856 1952 1882 toret
1979 1854 2010 1882 &
2038 1862 2095 1882 non
2112 1854 2216 1883 solutus
2234 1856 2264 1884 in

1206 1900 1284 1929 parte
1301 1891 1350 1921 vel
1370 1891 1397 1920 in
1417 1899 1481 1920 toto
1498 1912 1507 1927 ,
1535 1900 1583 1927 per
1608 1891 1732 1927 spacium
1750 1891 1933 1928 qnadraginta
1949 1890 2050 1918 dierum
2070 1891 2133 1927 post
2151 1892 2265 1928 aliquod

1207 1929 1310 1960 festum
1329 1928 1468 1959 festorum
1486 1929 1681 1965 predictorum
1697 1951 1706 1966 ,
1733 1929 1761 1958 in
1779 1939 1839 1966 quo
1858 1938 1886 1957 ut
1904 1929 2038 1964 prefertur
2053 1951 2063 1965 ,
2080 1929 2147 1959 solvi
2164 1930 2266 1968 debet,

1209 1968 1287 2006 quod
1305 1977 1375 1998 tunc
1394 1968 1426 1998 ὃς
1441 1967 1573 2003 deinceps
1591 1967 1643 1997 hec
1663 1966 1772 2004 presens
1793 1966 1930 1997 Dimiffio
1947 1969 1979 1998 δε
1999 1966 2156 1997 Concessio
2175 1969 2270 2001 nostra

1210 2017 1297 2038 vacua
1318 2007 1350 2037 sit
1370 2007 1402 2038 &
1422 2015 1476 2042 pro
1494 2005 1568 2036 nulla
1584 2005 1727 2036 habeatur.

1249 2045 1285 2076 Et
1304 2044 1446 2082 mediet-as
1464 2047 1494 2073 T.
1515 2046 1554 2072 M
1581 2054 1633 2081 pro
1649 2043 1674 2073 se
1691 2067 1701 2082 ,
1727 2042 1888 2073 Heredibus
1902 2066 1911 2082 ,
1939 2043 2149 2074 Executoribus
2167 2045 2200 2075 &
2219 2045 2273 2076 As-

1211 2084 1322 2121 signatis
1339 2084 1389 2113 suis
1409 2084 1545 2114 convenit
1565 2083 1599 2112 ὃς
1622 2083 1755 2112 concedit
1770 2082 1805 2112 ad
1823 2084 1856 2112 δε
1876 2092 1944 2112 curri
1965 2081 2064 2112 Nobis
2077 2106 2087 2120 ,
2114 2083 2272 2114 Heredibus

1211 2124 1244 2154 <Sc
1267 2121 1480 2153 Successoribus
1506 2119 1608 2150 nostris
1632 2130 1680 2158 per
1706 2120 1865 2158 presentes,
1901 2121 1978 2158 quod
2003 2121 2058 2158 ipse
2080 2122 2222 2157 predictus
2241 2125 2271 2152 T.

1213 2164 1258 2191 M.
1289 2160 1462 2191 Executores
1488 2161 1520 2191 δε
1549 2158 1683 2198 Affignati
1709 2159 1748 2189 sui.
1763 2181 1773 2197 ,
1797 2159 1916 2189 durante
1932 2162 2058 2189 termino
2078 2160 2206 2196 predicto
2223 2170 2273 2197 per

1214 2199 1352 2237 presentes
1370 2198 1525 2235 concesso,
1543 2198 1613 2228 ultra
1628 2197 1789 2236 predictum
1809 2198 1959 2227 annualem
1978 2197 2136 2228 Reddituni
2150 2198 2272 2236 superius

1214 2248 1264 2275 per
1283 2238 1422 2275 presentes
1439 2237 1607 2266 reservatum
1619 2258 1628 2273 ‚
1654 2238 1750 2266 omnia
1770 2237 1803 2266 &
1823 2236 1930 2272 singula
1954 2235 2030 2265 feodi
2051 2236 2173 2274 Fiimas,
2191 2237 2273 2267 Red-

1215 2278 1288 2307 ditus
1307 2277 1425 2306 nomine
1444 2275 1587 2312 Decime,
1606 2277 1639 2306 &
1657 2275 1724 2304 alios
1743 2274 1897 2311 Redditus,
1918 2275 2087 2312 Pentiones‚
2107 2274 2273 2314 Portiones,

1217 2315 1376 2346 solutiones
1396 2316 1428 2345 ὅ(
1449 2314 1639 2343 Denariorum
1659 2312 1791 2343 Summas
1815 2313 1851 2343 de
1876 2313 2013 2350 premissis
2032 2323 2081 2350 per
2098 2314 2116 2332 *³
2135 2315 2272 2351 presentes

1213 2353 1335 2384 dimissas
1353 2362 1398 2383 aut
1418 2353 1602 2383 mentionatas
1618 2352 1679 2382 sore
1696 2351 1836 2388 dimissas,
1853 2360 1899 2382 aut
1917 2361 2014 2381 eorum
2034 2352 2140 2389 aliquos
2158 2354 2203 2384 vel
2221 2354 2269 2384 ali-

1215 2394 1316 2430 quibus
1330 2414 1340 2430 ,
1365 2391 1462 2422 Nobis
1476 2414 1485 2428 ,
1510 2389 1671 2421 Heredibus
1693 2389 1738 2420 vel
1758 2390 1973 2420 Successoribus
1991 2390 2106 2429 nostris,
2125 2400 2274 2430 antequam

1214 2431 1314 2462 eadem
1333 2430 1462 2468 premissa
1481 2432 1509 2459 in
1530 2438 1628 2459 manus
1656 2428 1761 2458 nostras
1780 2428 1871 2467 Capta
1890 2429 1934 2458 seu
1949 2428 2044 2459 Seisita
2063 2430 2173 2460 suerunt
2194 2432 2277 2461 Solu-

1216 2471 1298 2506 bilia,
1319 2479 1352 2498 ac
1370 2470 1467 2499 omnia
1488 2468 1632 2506 Arreragia
1650 2466 1826 2503 eorundem,
1847 2476 2022 2504 preterquam
2045 2467 2148 2498 Debiti
2166 2470 2199 2500 ὃς
2213 2469 2275 2500 Dc-

1216 2510 1359 2538 ntriorum
1385 2507 1517 2537 Summas
1544 2516 1601 2544 que
1621 2506 1719 2537 Nobis
1737 2507 1830 2536 debita
1844 2528 1853 2542 ,
1880 2506 2016 2535 formem
2038 2513 2081 2535 vei
2101 2510 2193 2537 metro
2213 2509 2276 2538 fue-

1218 2555 1282 2577 runt
1309 2547 1416 2576 ratione
1443 2544 1617 2575 Recusancie
1641 2553 1752 2575 tantum
1775 2544 1892 2582 01011011
1913 2547 1943 2573 T.
1963 2547 1994 2574 T.
2015 2546 2088 2574 bene
2109 2548 2141 2576 ὥς
2159 2545 2277 2577 fideliter

1217 2585 1329 2615 solvent
1347 2594 1392 2615 aut
1403 2584 1475 2614 solvi
1496 2584 1598 2614 sacient
1616 2583 1661 2613 vel
1678 2584 1827 2613 cauiabunt
1846 2581 1963 2618 Nobis,
1981 2581 2144 2614 Heredibus
2158 2585 2191 2614 &
2206 2585 2279 2615 Suc-

1220 2624 1375 2654 cefforibus
1403 2622 1503 2653 nostris
1528 2622 1572 2652 vel
1597 2621 1631 2652 ad
1657 2622 1736 2652 usum
1756 2622 1887 2650 nostrum
1908 2621 2058 2651 Heredum
2079 2623 2111 2652 δε
2130 2622 2281 2654 Successo-

1219 2671 1285 2692 rum
1303 2662 1466 2692 nostrorum
1485 2662 1512 2690 in
1531 2661 1578 2691 tali
1595 2662 1627 2690 ὅ(
1643 2669 1699 2690 tam
1718 2660 1817 2697 amplis
1835 2661 1868 2689 &
1885 2658 2049 2696 hujusmodi
2068 2661 2158 2691 niodo
2175 2664 2208 2691 ὃς
2222 2662 2285 2693 for-

1221 2710 1268 2731 rna
1283 2722 1293 2739 ,
1316 2702 1349 2732 δε
1373 2700 1474 2730 talibus
1491 2700 1588 2729 diebus
1605 2721 1614 2735 ,
1635 2699 1706 2728 locis
1724 2699 1756 2728 δε
1775 2698 1950 2734 temporibus
1965 2720 1973 2734 ,
1992 2707 2077 2736 prout
2097 2700 2194 2730 eadem
2211 2700 2281 2732 solvi

1221 2739 1399 2775 debuissent,
1419 2738 1437 2768 si
1454 2738 1582 2776 premissi
1604 2737 1726 2774 predicta
1741 2738 1770 2766 in
1787 2746 1885 2766 manus
1904 2736 2009 2766 nostras
2028 2737 2121 2767 Seisita
2140 2748 2200 2768 non
2215 2739 2283 2769 fuis-

1222 2779 1297 2816 sent,
1317 2777 1434 2814 presenti
1457 2775 1626 2806 Dimiilione
1644 2784 1690 2806 aut
1708 2775 1804 2813 aliquo
1824 2776 1854 2804 in
1870 2775 1969 2805 eadem
1988 2785 2142 2813 contento,
2162 2785 2208 2806 aut
2221 2778 2283 2807 Sei-

1225 2817 1282 2847 sura
1302 2816 1427 2853 predich
1445 2817 1474 2845 in
1495 2816 1668 2845 contrarium
1685 2823 1743 2843 non
1762 2812 1901 2844 obstante.

1263 2855 1309 2884 Ac
1338 2854 1373 2884 de
1397 2854 1497 2884 Gratia
1524 2852 1614 2883 nostra
1639 2853 1748 2890 speciali
1772 2851 1914 2882 Volumus
1943 2853 1977 2882 &
1995 2851 2210 2890 Concedit-nus,
2229 2863 2282 2890 pro

1226 2892 1341 2929 Nobis,
1360 2892 1518 2923 Heredibus
1537 2893 1569 2922 δε
1589 2891 1800 2921 8000011011003
1820 2890 1920 2919 nostris
1938 2900 1986 2927 per
2005 2891 2154 2928 presentes,
2172 2892 2282 2928 prefato

1225 2935 1255 2961 T.
1275 2934 1320 2961 JvJ,
1348 2933 1380 2960 ὃς
1405 2934 1436 2959 T.
1454 2934 1484 2959 T.
1511 2929 1714 2959 Evecutoribus
1738 2930 1772 2958 ἃ
1796 2928 1941 2966 Affignzitis
1960 2938 2058 2958 eorum
2074 2951 2083 2965 ,
2108 2929 2188 2966 quod
2207 2931 2282 2960 nulla

1227 2968 1401 3000 Commiffio
1420 2969 1465 2999 vel
1484 2967 1710 2997 Comminiones
1723 2989 1732 3004 ,
1750 2967 1916 2997 Sumonitio
1937 2967 1981 2995 vel
2000 2966 2215 2998 Sumonitiones
2234 2969 2283 2998 Pi-

1227 3017 1279 3045 pe,
1299 3008 1342 3037 vel
1359 3007 1403 3037 alii
1423 3005 1564 3043 processus
1582 3007 1625 3036 vel
1644 3006 1758 3043 aliquod
1773 3005 1847 3034 aliud
1868 3005 1956 3035 b'teve
1976 3005 2023 3035 vel
2041 3006 2129 3042 aliqua
2148 3007 2197 3036 alia
2217 3006 2284 3037 Bre-

1228 3048 1272 3076 via
1288 3055 1362 3076 eXtra
1385 3043 1500 3075 Curiam
1520 3045 1658 3074 Scaccarii
1677 3044 1782 3081 nostri,
1798 3051 1843 3073 aut
1858 3042 1980 3082 aliquam
1999 3044 2080 3073 aliam
2096 3043 2215 3075 Curiam
2230 3055 2284 3075 no-

1226 3084 1310 3114 stram
1334 3084 1484 3114 Heredum
1510 3083 1554 3113 vel
1582 3082 1783 3113 Successorum
1807 3080 1971 3112 nostrorum
1997 3091 2044 3112 aut
2068 3082 2143 3112 aliter
2166 3083 2284 3114 durante

1227 3124 1350 3153 termino
1366 3123 1514 3160 predicto,
1530 3122 1671 3151 emanabit
1692 3121 1736 3150 vel
1754 3123 1927 3150 emanabant
1942 3119 1976 3150 ad
1994 3121 2212 3158 111001101110111,
2231 3132 2280 3152 ca-

1226 3162 1361 3200 piendum
1382 3161 1426 3190 vel
1443 3159 1608 3190 seiiiendum
1628 3159 1751 3197 preditsta
1772 3157 1918 3196 Maneria,
1937 3158 2079 3197 Mesuagia
2095 3182 2104 3195 ,
2121 3160 2223 3189 Terras
2238 3160 2284 3191 seu

1226 3200 1276 3230 alia
1294 3199 1526 3235 Hereditamenta
1543 3198 1664 3235 superius
1683 3199 1797 3228 recitata
1813 3219 1822 3233 ,
1849 3198 1893 3226 vel
1908 3196 2030 3234 3110101111
2050 3205 2112 3225 inse
2132 3198 2282 3233 parcellam

1228 3238 1272 3268 vel
1288 3238 1378 3276 aliqua
1397 3237 1474 3267 Bona
1490 3247 1537 3268 aut
1555 3237 1660 3267 Catalla
1679 3236 1776 3274 prefati
1795 3239 1825 3278 T.
1846 3238 1890 3264 M.
1912 3243 1957 3264 aut
1983 3236 2080 3277 presai
2106 3238 2135 3264 T.
2156 3239 2184 3264 T.
2206 3235 2280 3266 Exe—

1227 3287 1380 3313 cutorum,
1398 3275 1663 3306 Administratorum
1682 3275 1726 3306 vei
1751 3274 1965 3309 Assignatoruin
1982 3279 2093 3302 luorum
2114 3274 2156 3302 vel
2175 3275 2208 3304 ad
2227 3276 2284 3306 di,-

1228 3315 1397 3345 turbandum
1423 3316 1466 3344 vel
1496 3314 1699 3343 molestandum
1721 3313 1844 3350 quietam
1870 3314 1902 3344 ὃς
1922 3312 2065 3348 pacificum
2085 3312 2282 3354 possessionem

1226 3354 1328 3391 prefati
1343 3356 1374 3382 T.
1394 3355 1438 3382 M.
1460 3353 1585 3383 Firmarii
1604 3351 1692 3382 nostri
1709 3361 1756 3382 aut
1771 3353 1826 3389 ejus
1847 3350 2282 3391 subtenenziuiii,sexcentorum

1227 3391 1273 3422 vel
1295 3391 1505 3428 Affignatorum
1526 3392 1656 3428 suorum,
1675 3392 1782 3420 ratione
1800 3388 1845 3422 xtel
1864 3390 1962 3418 colore
1982 3389 2152 3418 {leculancie
2170 3399 2281 3420 tantum

1227 3430 1347 3467 predicti
1366 3431 1395 3458 T.
1412 3432 1442 3458 T.
1461 3439 1508 3459 aut
1530 3429 1696 3459 [λλ-01111110
1714 3452 1723 3467 ‚
1737 3437 1782 3457 aut
1799 3428 1905 3456 ratione
1924 3436 1982 3455 non
2002 3426 2157 3467 Soluttonis
2176 3429 2282 3466 amqua-

1227 3478 1290 3498 rum
1310 3467 1502 3498 Denariorum
1521 3467 1703 3497 Summarum
1729 3465 1826 3496 Nobis
1846 3465 2002 3506 deificat-urii
2023 3470 2067 3495 scu
2085 3466 2280 3497 solvendarum

1226 3508 1334 3537 ratione
1360 3506 1403 3535 vel
1428 3514 1554 3544 pretextu
1580 3505 1754 3535 Recusaneie
1772 3503 1889 3540 predicii
1909 3512 2017 3532 tantum
2035 3505 2197 3545 ,quamdiu
2217 3515 2282 3541 pre-

1227 3545 1319 3575 dietus
1338 3547 1369 3573 T.
1389 3546 1433 3573 M.
1454 3543 1601 3574 Firniai’ius
1620 3543 1737 3579 noster,
1759 3542 1934 3582 Executores
1951 3541 1994 3569 vel
2014 3541 2149 3579 Aiiignati
2169 3542 2208 3572 sui
2227 3543 2282 3573 sol-

1227 3584 1320 3614 verint
1339 3583 1385 3613 seu
1405 3582 1473 3612 solvi
1491 3583 1641 3612 cantabunt
1667 3579 2047 3620 Redditum-premissoruni
2070 3589 2120 3616 per
2136 3581 2182 3610 lias
2202 3581 2283 3612 Lite-

1227 3632 1267 3652 ras
1285 3622 1389 3652 nostras
1408 3620 1555 3658 Parentes,
1574 3629 1604 3650 ut
1623 3620 1773 3657 prefertur,
1794 3624 1968 3648 reservatum.

1266 3660 1405 3690 Volumus
1420 3659 1502 3689 etiam
1523 3662 1554 3690 ὅ(
1575 3658 1771 3687 Concedimus
1786 3659 1822 3698 ’ὸς
1842 3666 1890 3694 per
1905 3655 2040 3694 presentes
2050 3655 2230 3698 vMandamus
2247 3659 2281 3689 &

1228 3699 1396 3736 precipimus
1410 3719 1419 3735 ,
1453 3707 1505 3734 pro
1529 3697 1626 3726 Nobis
1643 3719 1652 3733 ‚
1686 3694 1846 3724 l-leredibus
1875 3695 1908 3724 ὃς
1931 3694 2146 3725 5000011011003
2169 3697 2283 3736 nostris,

1229 3737 1406 3777 Thesaurarr'o
1417 3758 1425 3774 ,
1446 3734 1630 3771 Cancellarz'o,
1643 3733 1866 3771 Subthefimrarm
1884 3732 1916 3762 &
1935 3732 2085 3762 Barna-ibus
2100 3737 2187 3763 Curiae
2203 3739 2282 3765 Scac-

1228 3779 1295 3805 carii
1312 3775 1412 3814 nostri,
1430 3774 1577 3804 Heredum
1597 3776 1630 3804 ὅ(
1646 3771 1847 3802 Succeilorum
1865 3769 2046 3813 nostrorum,
2067 3773 2094 3799 V
2097 3774 2282 3812 icetomitibus,

1229 3812 1480 3844 Suhvicccomitibu:
1509 3813 1541 3843 ὃς
1568 3813 1703 3841 omnibus
1726 3810 1781 3839 aliis
1804 3808 1957 3838 Officiariis
1975 3810 2006 3838 ἃ
2026 3808 2164 3840 Ministris
2183 3812 2283 3844 nostris

1232 3852 1379 3882 Heredum
1400 3851 1433 3880 &
1451 3848 1649 3880 Successor-uin
1669 3847 1850 3884 nostrorum,
1868 3846 1902 3876 ad
1920 3856 1992 3884 quos
2010 3849 2147 3884 pertinere
2166 3853 2286 3890 poterit,

1232 3901 1307 3920 nunc
1327 3888 1506 3920 existentibus
1525 3889 1568 3918 vel
1587 3887 1770 3923 imposterum
1789 3885 1904 3922 futuris,
1924 3885 2001 3922 quod
2019 3887 2055 3916 ab
2073 3889 2154 3917 omni
2174 3888 2281 3921 Seisura

1232 3929 1312 3966 super
1332 3927 1461 3965 premissi
1484 3926 1595 3956 ratione
1620 3924 1794 3954 Recuiancie
1807 3932 1916 3953 tantum
1930 3924 2049 3960 predicti
2065 3928 2094 3954 T.
2115 3930 2146 3956 T.
2166 3927 2285 3964 superse.

1233 3969 1335 4004 deant,
1354 3966 1386 3996 δε
1404 3965 1423 3993 11
1437 3964 1471 3993 ad
1485 3963 1597 4001 aliquod
1610 3973 1719 4000 tempus
1741 3961 1926 3999 imposterum
1940 3963 2076 3993 acciderit
2091 3966 2219 4001 premitis
2236 3977 2285 4003 per

1231 4006 1368 4045 presentes
1392 4001 1511 4032 Dimissa
1526 4025 1535 4040 ,
1558 4011 1605 4032 aut
1621 4003 1793 4032 mentionata
1809 4000 1870 4030 fore
1887 3999 2010 4031 Dimissa
2025 4002 2069 4032 vel
2085 4003 2206 4040 aliquam
2222 4006 2288 4035 inde

1232 4053 1342 4081 partem
1366 4042 1411 4071 vel
1433 4039 1555 4070 redditus
1578 4040 1634 4069 sive
1655 4038 1780 4077 proficua
1794 4038 1876 4076 inde,
1894 4038 1939 4069 vel
1952 4038 2030 4069 Bona
2043 4050 2089 4071 aut
2105 4041 2210 4071 Catilla
2225 4052 2288 4078 pre-

1232 4083 1303 4113 dicti
1317 4085 1347 4111 T.
1358 4083 1389 4110 T.
1409 4088 1455 4110 aut
1469 4082 1500 4109 T.
1508 4081 1553 4108 M.
1566 4078 1772 4146 Executortgm
1791 4077 2058 4109 Administratorum
2076 4079 2290 4118 velnffignato-

1762 4125 1777 4146 a
1797 4126 1816 4146 2
2236 4128 2298 4149 rum

2317 2331 2335 2351 ἢ*
2346 2331 2429 2361 XIX.

2301 2379 2367 2406 294.
