2536 4255
37 218 171 253 AumD

75 261 162 297 1629.

48 306 89 329 Aa
121 309 149 335 5.

46 345 108 367 Car.
138 349 163 366 is

46 888 125 919 Arm.
144 886 185 918 D.

68 928 157 966 1629.

47 972 89 995 Aa
115 978 143 1003 5.

47 1011 110 1033 (lar.
131 1017 153 1034 i.

44 1049 103 1072 1¹³5.
127 1055 153 1079 ς.

46 1089 110 1110 CJr.
133 1095 154 1112 i.

44 1130 70 1160 p„
91 1132 132 1159 13.

45 1172 70 1188 n.
94 1172 137 1197 27,

45 1201 107 1235 dors.

49 2224 64 2241 ⁶
85 2225 168 2255 xix.

51 2264 97 2292 68.

183 148 237 188 40

198 218 357 257 Colledge,
372 225 407 247 or
422 223 475 253 any
489 212 526 244 of
535 212 616 243 thern
631 207 813 249 conteyned,
831 218 864 239 or
878 216 933 248 any
946 205 1008 244 use,
1027 205 1178 246 custome,
1193 214 1266 239 mat-

196 268 238 290 ter
255 268 288 288 or
304 258 384 294 thing
397 253 574 285 Whatsoever
587 260 617 281 to
631 250 680 280 the
696 258 829 288 contrary
843 245 1105 286 notwithstanding.

240 331 392 370 Altliough
410 329 518 368 express
536 329 684 366 mention,
699 328 762 359 &c-

241 405 276 443 Iii
292 411 406 442 &Vitnes
420 406 569 445 whereof,
586 406 648 438 &c.

239 488 356 520 Witnes
373 497 427 518 our
441 485 506 517 selfe
521 494 549 516 at
567 482 745 524 Westminfler
761 481 811 514 the
824 478 972 512 Twelveth
986 479 1038 519 day
1056 476 1092 517 of
1103 479 1182 516 May.

706 563 761 591 Per
776 562 869 589 Breve
883 558 915 587 de
932 559 1052 586 Privato
1065 551 1165 592 Sigillo.

202 708 255 740 De
273 707 369 747 Carta
392 701 630 743 confirmationis
642 711 696 746 pro
716 702 838 733 Decimo
857 699 894 734 (ῤ’
922 692 1131 728 Prehendariis
1151 693 1275 725 Eccleie

256 751 444 787 Cathedralis
460 750 671 793 lVorwicenfi5‚
698 760 765 781 cum
785 744 982 779 declaratione
1001 745 1090 789 Regis
1101 742 1193 788 sitper
1202 744 1277 775 Sta-

255 811 324 837 tura
342 805 486 835 Annexa.

211 891 268 950 R
279 889 305 922 E
316 886 363 928 X,
383 889 445 920 &c.
462 888 598 919 omnibus
613 886 647 916 ad
665 893 753 923 quos,
769 883 830 913 &c.
850 879 986 911 Salutem.

309 928 390 959 Cum
406 936 472 959 ante
492 927 598 964 aliquot
616 925 718 955 Annos
741 919 936 952 Sereniffimus
951 918 1015 948 Rex
1033 916 1192 946 Edu-ardus
1208 918 1276 945 Sex-

206 977 251 998 tus
267 978 316 1008 per
332 968 438 999 Literas
452 966 510 996 suas
525 965 655 996 Patentes
672 962 758 992 Anno
774 959 868 998 Regni
882 958 922 988 sui
938 958 1044 994 primo,
1066 955 1139 995 apud
1156 955 1275 984 Norwi-

201 1018 280 1045 cum,
298 1005 460 1037 Ecclesiam
483 1004 625 1042 quandam
647 998 852 1032 Catliedralem
867 1020 876 1034 ,
901 995 938 1026 de
959 1004 1019 1025 uno
1036 994 1158 1024 Decano
1175 994 1208 1023 &
1230 993 1274 1023 sex

199 1045 398 1077 Prebendariis
409 1044 522 1082 aliisque
540 1040 678 1072 Ministris
690 1040 724 1070 ad
741 1038 856 1079 cultum
873 1035 1005 1065 divinum
1030 1035 1058 1064 in
1076 1032 1150 1063 dicta
1174 1032 1275 1062 Eccle-

201 1086 238 1116 sia
261 1085 420 1116 necessariis
437 1106 446 1122 ‚
474 1083 509 1112 de
532 1090 613 1111 novo
631 1078 764 1109 creaverit
785 1077 818 1106 &
841 1073 1002 1105 tundaverit
1017 1096 1026 1109 ,
1044 1071 1148 1102 Titulo
1163 1070 1276 1107 Ecclefie

202 1124 385 1155 cathedralis
401 1123 499 1152 SanHe
520 1120 539 1142 ’f
579 1117 728 1149 Individue
743 1117 893 1145 Trinitatis
909 1109 1093 1149 Norwicenfis
1114 1120 1149 1140 ex
1165 1107 1276 1149 funda-

204 1168 278 1195 tione
291 1167 370 1202 Regis
385 1160 522 1192 Edwardi
537 1161 615 1189 Sexti
631 1181 640 1194 ,
665 1157 714 1193 qui
730 1154 755 1184 se
774 1160 903 1191 gererent
921 1151 1001 1189 juxta
1018 1150 1125 1181 statuta
1142 1149 1274 1187 postmo-

203 1204 277 1234 dum
302 1204 332 1233 iis
351 1199 512 1233 exhibenda
529 1210 539 1236 3
566 1198 635 1234 Que
657 1193 775 1233 quidem
799 1191 904 1222 statuta
918 1212 928 1226 ,
956 1198 1047 1227 neque
1062 1198 1077 1218 a
1094 1187 1177 1218 dicto
1191 1187 1275 1226 Rege

201 1243 349 1273 Edwardo
373 1245 456 1270 Sexto
474 1262 484 1277 ,
502 1246 596 1274 neque
612 1235 647 1265 ab
663 1233 744 1273 ipsius
761 1229 974 1262 successoribus
989 1227 1111 1266 Reginis
1128 1228 1226 1256 Maria
1240 1228 1274 1258 ὃς

200 1281 375 1312 Elizabetha
390 1279 515 1310 exhibita
531 1276 651 1306 fuerunt.

242 1321 380 1358 Cumque
399 1319 432 1348 ad
454 1318 533 1347 hunc
547 1314 690 1343 descitum
709 1307 925 1347 Supplendum,
944 1315 1033 1342 nuper
1049 1305 1095 1342 pie
1109 1304 1269 1341 memorie,

198 1358 338 1396 Princeps
360 1359 392 1389 ὃς
415 1355 498 1386 Pater
523 1352 618 1382 noster
641 1349 763 1389 Jacobus
782 1351 841 1377 Rex
859 1369 868 1383 ,
887 1355 954 1375 nono
971 1344 1012 1374 die
1030 1342 1132 1382 Menfis
1151 1342 1270 1382 Augusti

200 1403 290 1430 Anno
308 1400 392 1433 Regni
399 1394 446 1433 fiii
461 1389 658 1432 auspicatffmi
677 1389 773 1418 decimo
790 1387 906 1420 oblatio,
924 1383 1072 1413 humiliter
1085 1381 1270 1419 Supplicante

200 1437 375 1468 Reverenlo
394 1435 424 1462 in
446 1430 566 1462 Christo
589 1430 670 1460 Patre
691 1437 724 1457 ac
738 1429 854 1456 Domino
869 1421 992 1452 Samuele
1009 1423 1035 1450 E
1054 1419 1136 1459 iscopo
1152 1421 1269 1449 Norwi.

199 1476 270 1516 censi
279 1499 288 1514 ‚
306 1485 357 1512 pro
376 1474 456 1502 bono
472 1480 505 1500 ac
515 1470 598 1500 felice
614 1467 755 1504 regimine
770 1464 845 1494 dicte
863 1460 1007 1497 Ecclefie,
1037 1459 1149 1493 'tatuta,
1168 1457 1269 1489 &Or-

199 1514 356 1544 dinationes
370 1510 520 1549 quasdam,
539 1517 644 1547 magno
659 1503 765 1540 Anglii>
781 1501 872 1539 sigillo
889 1499 1012 1529 munitas
1023 1521 1032 1536 ,
1051 1496 1148 1540 eidem
1164 1495 1270 1527 Eccle-

199 1554 236 1584 fie
252 1552 358 1583 delerit
375 1552 408 1582 &
424 1547 620 1584 concesserit,
643 1545 672 1573 in
698 1543 798 1580 quibus
822 1539 937 1569 Statutis
959 1537 1019 1567 tam
1043 1535 1094 1566 libi
1115 1535 1203 1573 quam
1219 1535 1270 1566 suis

199 1590 417 1625 Succeisoi-ibus
431 1586 612 1618 reservaverit
623 1583 673 1622 Jus
690 1582 723 1612 &
738 1577 912 1620 potestatem
927 1575 1003 1606 dista
1018 1574 1126 1605 Statura
1147 1573 1182 1603 de
1197 1582 1269 1605 tem-

197 1641 270 1669 pore
287 1632 315 1661 in
331 1638 446 1667 tempus
462 1625 581 1666 augendi
599 1645 609 1662 ,
636 1618 763 1653 mutandi
779 1619 812 1650 &
828 1614 1009 1654 corrigendi,
1026 1621 1112 1653 prout
1128 1612 1180 1651 ipsi
1193 1613 1270 1651 ipfis-

197 1681 254 1709 que
270 1670 362 1700 visum
376 1667 470 1700 fuerit.

234 1709 376 1747 Cumque
390 1707 542 1737 occasione
554 1704 710 1735 dubiorum
731 1699 913 1740 quorundam
933 1698 1010 1729 circa
1032 1695 1109 1727 dicta
1123 1693 1229 1725 Statura
1243 1703 1273 1724 e-

199 1750 414 1788 mergentium,
432 1746 529 1776 denuo
542 1743 643 1774 Nobis
658 1750 693 1772 ex
707 1749 785 1779 parte
801 1739 872 1770 dieti
887 1739 995 1768 Decani
1010 1734 1049 1770 έν
1064 1732 1185 1774 capituli
1201 1733 1275 1770 Sup-

199 1790 337 1828 plicatum
352 1787 382 1817 sit
391 1809 400 1825 ‚
417 1795 466 1822 per
477 1783 588 1815 distum
599 1779 805 1811 Reverenduni
814 1777 929 1808 Patrem
940 1773 1089 1806 Samuelem
1103 1782 1180 1803 nunc
1189 1793 1198 1808 ‚
1206 1781 1273 1810 pro-

198 1829 324 1860 videntia
346 1827 442 1857 divina
458 1848 467 1862 ,
486 1819 723 1860 Archiepiftopum
744 1815 956 1855 Eborac-ensem,
975 1823 1006 1844 ut
1022 1811 1150 1851 predieta
1165 1810 1273 1844 statuta

198 1869 311 1906 penitus
326 1875 358 1896 ac
375 1864 484 1902 plenius
498 1862 720 1892 examinaremus
736 1858 769 1889 &
785 1857 998 1893 explicaremus.

239 1905 310 1937 Nos
321 1904 357 1935 de
370 1902 522 1934 clementia
542 1902 575 1932 ὃς
589 1899 675 1938 gratia
697 1895 794 1927 noi'tra
808 1893 934 1932 speciali,
953 1900 1056 1923 eorum
1070 1889 1206 1922 Petitioni
1222 1891 1273 1924 be-

199 1947 288 1985 nigne
311 1951 465 1975 annuentes
479 1962 489 1977 ,
507 1948 570 1969 turn
595 1938 701 1967 dietam
726 1933 937 1965 Fundationem
953 1929 1079 1962 Ecclefie
1095 1929 1273 1962 Cathedralis

200 1985 306 2016 Sanete
324 1985 357 2014 &
372 1980 521 2012 Individue
533 1976 680 2008 Trinitatis
694 1974 820 2004 Norwici
833 1995 844 2010 ,
869 1980 906 2002 ex
924 1969 1103 2001 Fundatione
1117 1972 1192 2007 Regii
1211 1970 1272 2000 Ed-

202 2023 295 2055 wardi
311 2025 389 2052 Sexti
400 2045 409 2057 ,
425 2026 563 2057 quantum
579 2018 607 2046 in
627 2014 726 2044 Nobis
738 2012 796 2048 est,
815 2021 868 2054 prp
890 2008 991 2040 Nobis
1007 2009 1040 2040 &
1054 2007 1272 2040 Successoribus

202 2062 305 2094 nostris
319 2059 551 2093 Confirmamus,
571 2053 751 2089 stabilimus,
770 2050 958 2081 Ratincamus
977 2048 1011 2078 &
1026 2047 1132 2078 Ratam
1147 2047 1204 2078 esse
1218 2059 1272 2079 vo-

203 2103 298 2133 lumus
314 2110 362 2137 per
379 2097 532 2136 presentes,
551 2103 616 2125 tum
637 2092 722 2122 etiam
744 2089 821 2120 dieti
844 2087 941 2119 nostra
961 2085 1069 2119 statuta
1083 2087 1113 2118 in
1127 2086 1207 2119 hunc
1219 2089 1271 2127 qui

203 2142 328 2181 sequitur
345 2136 467 2170 modum
481 2134 654 2167 declaramus
667 2131 700 2163 ὅ(
715 2128 897 2169 explicamus.

863 2211 896 2242 δε
906 2206 1068 2247 Volumus,
1087 2216 1118 2239 ut
1131 2206 1270 2238 Residen-

198 2265 253 2301 tia,
272 2264 332 2294 tam
349 2264 456 2292 Decani
475 2260 564 2297 quarn
580 2255 832 2286 Prehendariorium
852 2250 987 2280 omnium
1002 2271 1011 2286 ,
1036 2249 1065 2277 in
1080 2246 1155 2277 dic⁶ta
1172 2246 1269 2278 nostra

199 2302 325 2334 Ecclesia
340 2300 500 2331 Cathedrali
513 2297 550 2328 de
562 2302 695 2332 tempore
710 2294 739 2322 in
750 2298 863 2328 tempus
883 2288 975 2318 modo
993 2289 1027 2319 &
1045 2287 1138 2316 forma
1150 2285 1270 2323 sequen-

199 2344 274 2373 tibus·
300 2341 344 2370 fiat
366 2341 400 2369 &
420 2338 589 2374 obsequetur
610 2331 768 2372 (videlicet)
789 2340 818 2359 ut
833 2331 977 2363 Decanus,
997 2335 1052 2355 una
1065 2334 1134 2355 cum
1151 2323 1268 2355 Familia

199 2382 263 2419 sui,
281 2379 351 2410 infra
366 2376 552 2408 Precianam
567 2373 645 2402 diste
660 2370 786 2400 Ecclesia*
800 2365 979 2397 Citliedralis
997 2364 1136 2394 inhabitet
1155 2363 1189 2394 &
1204 2363 1268 2393 resi-

199 2421 264 2450 deit
284 2419 451 2456 quotannis,
469 2414 587 2444 durante
603 2410 690 2448 spatio
706 2412 821 2437 Centum
842 2404 879 2440 έν
898 2406 1005 2441 Viginti
1022 2402 1134 2431 duorum
1147 2401 1267 2442 dierum,

202 2458 385 2496 cnnjunitim
403 2456 447 2484 vel
462 2452 591 2487 divisim,
609 2447 687 2485 quod
701 2447 750 2476 nisi
767 2445 847 2486 plene
865 2442 1015 2480 prestiterit
1030 2464 1039 2478 ,
1060 2450 1112 2479 pro
1128 2451 1188 2470 non
1205 2441 1270 2471 resi-

201 2498 287 2528 dente
301 2496 437 2525 habeatur
447 2516 456 2529 ,
475 2493 507 2523 ὃς
522 2490 594 2520 illius
610 2487 686 2517 Anni
701 2487 729 2515 in
748 2494 807 2522 quo
823 2486 900 2512 secus
914 2481 1015 2512 fecerit
1029 2481 1182 2510 communi
1197 2479 1268 2510 divi<

201 2537 296 2566 deiitia
312 2532 483 2566 muletetur,
495 2529 544 2558 nisi
560 2525 743 2557 interceii‘erit
760 2523 934 2561 legittimum
949 2518 1063 2557 aliquod
1080 2518 1271 2556 impedimen-

201 2585 264 2605 tum
276 2597 284 2611 ,
301 2580 386 2610 prout
403 2569 551 2599 distoruzn
565 2565 741 2596 &astutorum
756 2558 879 2598 Capitulo
893 2562 987 2597 quinto
1001 2556 1134 2587 distinete
1148 2557 1270 2595 explica-

201 2623 265 2650 tur,
282 2613 313 2642 δε
333 2619 361 2641 ut
380 2608 502 2639 totidem
517 2605 574 2634 dics
596 2601 752 2641 (videlicet)
771 2604 888 2643 Centum
904 2594 942 2630 ὠ·
959 2599 1068 2634 Viginti
1090 2595 1154 2626 duos
1177 2597 1272 2627 conti-

202 2662 277 2683 nuos
296 2649 341 2681 vel
358 2648 477 2679 divisos,
499 2642 595 2681 (semel
619 2639 758 2678 quotidie)
778 2638 871 2669 saltem
895 2636 1032 2668 Precibus
1054 2635 1170 2665 Divinis
1185 2637 1272 2666 inter-

203 2691 236 2722 fit
255 2692 285 2720 in
306 2687 414 2718 Choro
435 2684 511 2714 dicte
538 2679 663 2710 Ecclesie
680 2702 690 2717 ,
715 2677 828 2708 indutus
843 2676 924 2713 super
938 2674 1062 2705 Pelliceo
1079 2674 1113 2705 &
1131 2672 1271 2711 Capuceo

202 2729 303 2770 gradui
320 2727 360 2757 sui
375 2721 553 2762 competenti
564 2743 573 2759 ,
591 2718 661 2749 sicut
677 2720 773 2755 Capite
788 2715 885 2745 decimo
908 2724 977 2744 nono
992 2712 1139 2742 dic‘torum
1155 2712 1275 2742 statuto-

203 2778 271 2800 rum
285 2765 451 2804 requiritur,
469 2761 520 2793 sub
534 2769 605 2798 pena
617 2756 772 2789 amissionis
786 2752 1015 2793 quotidianarum
1030 2750 1275 2781 Distributionum

204 2817 261 2847 pro
285 2804 397 2845 singulis
419 2802 519 2833 diebus
541 2800 642 2838 quibus
663 2795 784 2826 abfuerit
800 2817 809 2830 ,
835 2791 885 2822 nisi
910 2793 953 2828 (ut
967 2790 1115 2828 prefertur)
1131 2789 1275 2826 legittime

204 2846 293 2879 fuerit
309 2843 460 2882 impeditus
477 2863 487 2878 ,
511 2838 555 2869 Ita
575 2845 669 2867 tamen
688 2843 718 2864 ur
742 2833 823 2863 dieto
838 2834 964 2867 Decano,
981 2829 1099 2858 durante
1114 2827 1276 2859 Residentie

205 2886 254 2917 sue
267 2884 409 2919 termino,
426 2881 547 2910 liberum
564 2877 593 2906 sit
602 2872 804 2904 Concionandi
821 2871 905 2909 gratia
917 2869 1014 2905 aliquo
1028 2866 1182 2905 proficisci,
1195 2867 1275 2904 juxra

205 2925 266 2956 dies
281 2924 341 2954 tam
355 2924 465 2951 Decano
490 2917 575 2955 qu‘am
599 2912 786 2943 Prebendariis
808 2908 932 2939 indultos
944 2908 977 2938 &
995 2905 1162 2943 concessos,
1181 2906 1273 2936 dieto-

207 2972 274 2995 rum
292 2960 462 2991 statutorum
479 2959 572 2992 Capite
587 2953 685 2982 dei-imo
702 2975 710 2987 ,
728 2951 761 2981 ὅς
777 2958 829 2986 pro
844 2947 894 2977 'illis
912 2945 1010 2975 diebus
1024 2944 1099 2982 quasi
1116 2944 1225 2983 presens
1241 2945 1274 2975 &

206 3011 262 3041 pro
282 2998 419 3031 residente
437 2997 588 3029 habeatur,
610 2991 656 3022 Ad
674 2987 881 3019 Prebendarios
899 2993 969 3015 vero
988 2983 1083 3022 quoad
1096 2982 1274 3020 attinet,sta-

207 3042 317 3073 tuimus
333 3061 342 3076 ,
369 3037 532 3067 ordinamus
555 3032 588 3061 &
605 3029 740 3060 volumus
755 3051 764 3064 ,
789 3033 821 3056 ut
840 3023 970 3062 quolibet
987 3023 1074 3053 Anno
1093 3021 1275 3052 Prehendarii

208 3078 373 3110 residentias
397 3077 454 3105 suas
476 3074 512 3102 ita
537 3071 608 3100 inter
636 3067 661 3097 se
684 3066 835 3104 partiantur
860 3064 893 3094 &
912 3061 1041 3092 dividant
1058 3083 1067 3098 ,
1085 3069 1116 3091 ut
1133 3071 1187 3091 una
1206 3071 1273 3091 cum

208 3117 335 3149 Familiis
360 3115 411 3145 suis
431 3112 500 3143 infra
521 3106 685 3139 Precinttus
710 3104 787 3134 diere
805 3101 929 3131 Ecclesie
949 3099 1124 3130 Cathedralis
1147 3100 1276 3130 habitent

209 3158 244 3189 δε
265 3155 400 3187 resideant
411 3176 420 3190 ,
437 3151 497 3181 bini
515 3150 548 3180 &
568 3146 626 3176 bini
640 3145 699 3174 lioc
713 3142 832 3185 ordine,
851 3139 969 3176 Primo,
985 3139 1044 3169 duo
1063 3138 1195 3169 Seniores
1208 3141 1276 3168 Pre-

208 3196 334 3226 bendarii
359 3194 429 3224 totis
454 3186 591 3224 ,Menfibus
616 3181 739 3213 OHobris
765 3190 803 3213 θ’
832 3176 1020 3213 Novembris,
1049 3176 1182 3214 deinceps
1216 3177 1276 3207 duo

211 3234 300 3264 medii
327 3233 392 3262 totis
420 3226 558 3267 Menfibus
584 3220 736 3253 Decembris
756 3217 794 3252 &⁴
813 3216 970 3255 Januarii,
988 3224 1051 3245 tum
1070 3215 1130 3245 duo
1144 3215 1278 3253 Juniores

212 3273 281 3303 totis
302 3268 437 3311 Menfibus
452 3265 591 3297 Februarii
610 3260 648 3295 ὠ
668 3260 791 3294 Martii,
809 3258 843 3286 &
863 3254 952 3284 rursus
971 3254 1074 3284 iteratis
1090 3255 1201 3284 vicibus
1217 3253 1277 3283 duo

211 3311 347 3342 Seniores
365 3309 431 3339 totis
450 3303 586 3372 Mersfibus
604 3297 711 3339 Aprilis
731 3293 768 3329 ὠ·
790 3296 881 3337 Maii,
904 3292 963 3322 duo
981 3291 1068 3322 medii
1089 3293 1155 3322 totis
1175 3291 1279 3332 Menst-

212 3350 261 3380 bus
287 3347 371 3386 Junii
392 3345 429 3381 όν
455 3344 500 3383 Ju
513 3345 532 3372 ii
546 3364 555 3379 ,
579 3339 639 3369 duo
665 3335 789 3372 denique
808 3332 901 3375 ulumi
918 3331 984 3361 totis
1004 3328 1140 3369 Menstbus
1160 3330 1279 3370 Augusti

213 3388 254 3423 (ζν
281 3385 440 3426 septembris
456 3407 465 3421 ,
491 3381 542 3412 nisi
564 3375 767 3408 intervenerint
794 3371 929 3415 legittima
954 3368 1156 3406 impedimenta
1172 3392 1182 3407 ‚
1208 3369 1280 3399 ficut

213 3429 311 3465 Capite
330 3425 425 3454 decimo
438 3421 583 3451 dit‘torum
600 3416 769 3446 statutorum
785 3408 918 3439 distinete
940 3416 1141 3451 enumerantur
1156 3418 1166 3445 3
1193 3407 1231 3438 Et
1247 3416 1280 3438 ut

213 3466 336 3504 quilibet
357 3460 600 3492 Prehendariorum
618 3453 720 3492 quovis
733 3450 839 3485 AnnO,
859 3456 908 3484 per
923 3445 981 3476 d¹eS
995 3449 1108 3475 Centum
1123 3445 1161 3480 ῥ’
1176 3449 1281 3484 viginti

215 3503 254 3538 (ἐν
272 3504 333 3532 duos
353 3499 533 3535 coniunctim
556 3494 600 3526 vel
618 3491 731 3523 divisim
746 3511 755 3526 ,
781 3486 867 3529 semel
886 3484 981 3514 saltem
1001 3483 1128 3521 quotidie
1148 3483 1282 3515 Precibus

216 3542 317 3573 divinis
336 3536 439 3570 interiit
459 3539 486 3567 in
505 3535 610 3565 Clioro
628 3530 705 3561 dicte
721 3526 872 3567 Eccleiie,
889 3522 971 3560 super
983 3521 1114 3567 ‘Pelliceo
1130 3523 1164 3553 &
1181 3522 1283 3560 Capu-

216 3591 271 3611 ccn
290 3580 387 3619 gradui
404 3577 454 3608 suo
471 3570 669 3606 accommodo
689 3567 803 3597 indutus
821 3586 831 3602 ‚
848 3562 1112 3604 Juxta—exigentiam
1131 3561 1280 3591 dierorum

216 3619 384 3649 statutorum
405 3618 499 3653 Capite
517 3613 614 3642 decutio
633 3617 718 3643 nono,
734 3604 784 3634 sub
802 3610 874 3640 pena
888 3598 1042 3629 amissionis
1053 3600 1281 3636 quotidianarum

218 3657 465 3687 Distributionum
485 3662 537 3690 pro
557 3648 668 3688 singulis
687 3645 786 3675 diebus
813 3640 913 3682 quibus
936 3635 1028 3683 3¹¹³&ss
1053 3647 1120 3667 eum
1148 3639 1283 3674 contige-

216 3698 273 3733 rit,
300 3695 349 3725 nisi
370 3695 449 3724 enim
478 3694 520 3724 (ut
540 3690 595 3727 jam
622 3685 686 3722 sepe
701 3680 834 3715 diximus)
855 3675 1212 3719 legittimanmpedimenta
1237 3686 1280 3705 re.

220 3742 367 3764 morentur
404 3729 527 3762 Proviso
541 3735 633 3757 tamen
650 3721 732 3761 quod
743 3721 817 3750 bene
830 3718 913 3747 liceat
930 3716 964 3747 &
983 3714 1099 3752 licebit,
1118 3713 1201 3743 diesis
1214 3715 1281 3743 Pre-

219 3773 354 3803 beaeidariis
377 3756 509 3806 ⁵(durante
532 3766 577 3796 flia
601 3761 735 3800 cujusque
762 3754 940 3790 Residentia)
966 3752 1164 3784 concionandi
1190 3752 1280 3787 gratia

216 3812 316 3848 aliquo
336 3807 473 3845 proficisci
490 3830 498 3842 ‚
521 3806 599 3842 juxta
626 3802 682 3830 dies
706 3797 853 3828 dictorum
873 3792 1045 3823 statutorum
1071 3793 1166 3829 Capite
1183 3790 1281 3819 decimo

216 3850 354 3882 limitatos
369 3869 378 3883 ,
403 3847 435 3876 &c
456 3854 507 3881 pro
525 3842 667 3872 difiorum
684 3837 795 3867 diei-um
812 3841 935 3864 numero
949 3853 959 3868 ,
982 3831 1052 3860 inter
1071 3828 1219 3859 residentes
1236 3828 1282 3858 seu

217 3895 354 3924 tanquam
378 3884 524 3913 residentes
543 3880 641 3910 haberi
657 3900 667 3915 ,
693 3875 737 3906 Ita
754 3882 851 3904 tamen
871 3879 901 3900 ut
918 3869 1043 3900 duorum
1062 3866 1284 3897 Residentiario-

605 3918 610 3923 ’
630 3918 634 3922 ”
679 3912 804 3943 Ecclesia
828 3909 922 3940 nostra
940 3906 1103 3937 Cathedrali
1123 3913 1285 3942 remaneat,

216 3935 285 3957 rum
304 3931 391 3959 unus,
405 3921 514 3956 semper
533 3919 612 3947 domi
628 3926 658 3945 in

218 3974 286 3996 nam
305 3962 415 3997 utrique
435 3957 516 3987 simul
536 3957 563 3984 in
590 3955 640 3984 suis
662 3951 810 3981 Mensibus
828 3947 921 3979 abesse
939 3946 1020 3977 nullo
1041 3945 1131 3976 modo
1147 3943 1285 3974 concedi-

218 4013 283 4034 mus
300 4012 310 4039 ·,
329 3998 421 4029 Porro
438 3995 521 4024 dietis
538 3990 725 4021 Prehendariis
745 3988 934 4026 permittimus
957 3985 991 4015 &
1011 3983 1201 4014 concedimus
1218 4004 1227 4019 ,
1254 3989 1286 4012 ut

217 4040 335 4072 Menses
348 4037 394 4067 sue
411 4032 543 4074 cujusque
559 4030 702 4070 residentie
717 4026 892 4063 peculiariter
911 4023 1059 4061 assignatos
1069 4045 1078 4060 ,
1089 4021 1146 4051 five
1161 4021 1286 4057 aliquam

218 4080 365 4111 dictorum

243 2233 266 2256 1.
287 2223 429 2261 Imprimis
441 2219 614 2254 Statuimus,
636 2214 811 2247 Ordinamus
827 2211 846 2232 ²*

395 4072 541 4104 Metilium
568 4075 673 4106 partem
696 4065 821 4095 invicem
849 4071 1008 4099 permutare
1029 4067 1186 4098 poterunt,
1205 4059 1289 4090 dum-

609 116 1887 175 coNVENTioNEs,.L1TERAE‚

1349 323 1478 363 Quoique
1495 325 1615 353 mention
1632 321 1767 362 expreſje,
1785 320 1845 357 &a

1349 401 1397 429 En
1408 399 1452 439 foi
1465 400 1498 429 de
1516 402 1594 439 quoi,
1610 398 1672 434 &a

1348 477 1472 507 Temoins
1485 476 1662 508 nous-memes
1674 476 1692 506 a
1710 475 1937 514 Westminster‚
1956 475 1980 506 le
1995 476 2151 508 douzieme
2165 476 2201 507 de
2214 475 2288 508 Mai.

1806 552 1862 584 Per
1875 552 1965 586 Breve
1978 554 2013 584 de
2029 553 2146 586 Privato
2159 554 2268 594 Sigillo.

1315 676 1407 721 modo
1432 676 1552 721 quilibet
1579 676 1728 707 dictorum
1757 674 1998 704 Prehendariorum
2018 673 2127 710 semper
2145 675 2216 707 infra
2233 677 2383 716 cujussibet

1316 716 1396 746 Anni
1421 716 1565 760 ambitum
1592 715 1796 755 personaliter,
1823 723 1878 744 una
1903 723 1972 743 cum
2000 712 2117 742 Familia
2139 713 2202 752 sua,
2222 716 2292 746 infra
2304 717 2382 748 dicte

1316 753 1442 799 Ecclesie
1460 762 1612 799 circuitum
1630 755 1767 785 inhabitet
1781 754 1814 783 &
1831 751 1945 784 resideat
1959 755 2075 781 centum
2089 750 2127 786 ό·
2142 752 2300 790 Viginti&
2316 755 2384 786 duos

1316 793 1372 822 dies
1391 800 1545 823 continuos
1558 793 1602 822 vel
1618 793 1719 823 divisos
1734 817 1744 829 ,
1764 792 1813 822 nisi
1834 801 1903 822 eum
1918 799 2095 822 remorentur
2110 791 2248 829 legittima
2259 794 2386 832 impedi-

1318 841 1414 876 menta
1429 854 1440 870 ,
1463 835 1560 875 Capite
1579 833 1677 861 decimo
1697 830 1820 869 expi‘ess‘a
1838 853 1847 866 ,
1870 829 1915 860 vel
1938 829 1994 868 ipse
2015 839 2045 860 ut
2062 829 2142 867 supra
2160 831 2326 869 permiffum
2339 832 2382 863 est

1316 869 1525 914 Concionandi
1549 872 1636 914 gratia
1654 870 1754 913 ‘aliquo
1780 868 1991 907 proficiscatur,
2009 868 2153 899 Voiumus
2166 877 2263 901 tamen
2278 872 2310 902 &
2327 871 2384 903 sta-

1314 917 1438 953 tuimus,
1455 918 1483 939 ut
1499 918 1594 939 omnis
1609 908 1770 945 huiusmodi
1780 909 1950 939 Conventio
1963 909 1999 938 de
2008 907 2154 938 Meniium
2172 912 2384 945 permutatione

1315 958 1344 978 in
1359 948 1460 992 ‘Libro
1480 950 1649 977 Precentoris
1672 947 1838 977 inscribatur
1855 970 1865 983 ,
1893 954 1922 977 ut
1933 947 2026 977 dietus
2042 949 2188 977 Precentor
2204 957 2311 980 certam
2326 950 2384 988 ejus

1313 995 1453 1029 rationem
1468 986 1583 1030 reddere
1597 985 1700 1028 possit,
1717 985 1796 1022 quod
1818 984 1838 1014 si
1855 985 1918 1022 quis
1934 985 2077 1016 mitorum
2097 986 2341 1019 Prehendariorum
2351 990 2384 1020 in

1315 1025 1466 1070 Meniibus
1484 1027 1534 1055 iibi
1551 1025 1585 1055 ad
1609 1023 1786 1055 residendum
1804 1023 1978 1060 peculiariter
1998 1023 2133 1062 assignatis
2148 1027 2269 1058 abfuerit
2286 1029 2319 1059 &
2336 1028 2388 1060 de—

1313 1066 1428 1102 fecerit,
1449 1073 1532 1102 atque
1550 1064 1707 1094 absentiam
1724 1062 1798 1092 suam
1827 1060 1883 1091 sive
1902 1061 2051 1092 defectum
2067 1067 2276 1099 permutatione
2291 1067 2385 1106 aliqua

1316 1105 1358 1139 (ut
1383 1105 1570 1148 permittitur)
1594 1112 1653 1132 non
1680 1100 1874 1139 suppleverit,
1892 1109 1960 1130 eum
1975 1109 2028 1137 pro
2042 1101 2171 1138 quolibet
2184 1105 2230 1134 die
2265 1116 2324 1144 quo
2338 1108 2383 1145 ip-

1313 1142 1374 1173 sum
1397 1153 1425 1173 in
1450 1143 1534 1173 dietis
1555 1143 1606 1172 iuis
1629 1139 1778 1171 Menlibus
1792 1138 1887 1168 abesse
1901 1139 2075 1176 contigerit,
2093 1141 2223 1173 mummi
2265 1145 2384 1177 olumus

1313 1181 1447 1226 duodecim
1462 1183 1647 1211 Denariorum
1663 1179 1791 1215 summa,
1810 1176 1944 1215 Corpore
1962 1176 2111 1209 Prebende
2127 1178 2173 1210 sue
2193 1180 2227 1211 &
2242 1184 2385 1219 quotidia—

1313 1230 1356 1250 nis
1369 1222 1455 1264 ⁵ipsius
1471 1220 1716 1252 distributionibus
1733 1216 2136 1253 deducenda3Preterea‚nifi
2153 1227 2294 1256 quantum
2309 1229 2384 1252 tem-

1313 1269 1392 1303 poris.
1400 1261 1428 1289 in
1444 1259 1526 1290 dietis
1545 1258 1597 1289 suis
1613 1257 1762 1288 Mensibus
1777 1256 1902 1287 abfuerat
1914 1255 1989 1293 ,ipse
2005 1254 2100 1293 postea
2116 1256 2295 1293 personaliter
2309 1261 2385 1291 intei-

1314 1298 1393 1328 Annt
1417 1298 1572 1328 Ambitum
1596 1297 1678 1334 plene
1699 1295 1868 1334 suppleverit
1882 1319 1892 1333 ,
1907 1304 1974 1325 eum
1991 1295 2060 1324 ultra
2077 1294 2235 1333 predictam
2248 1297 2385 1329 duodecim

1309 1339 1494 1366 Denariorum
1509 1340 1646 1379 Surumam
1665 1337 1772 1374 integra
1788 1335 1874 1364 totius
1895 1334 1973 1363 Anni
1995 1334 2149 1365 dividentia
2166 1335 2300 1367 mulctari
2318 1337 2384 1370 Vo⁴

1309 1376 1420 1420 lunius,
1440 1375 1532 1418 Porro
1554 1379 1574 1405 ii
1594 1376 1658 1412 quis
1671 1397 1681 1412 ,
1706 1373 1771 1411 post
1793 1380 1940 1411 acceptam
1955 1373 1984 1402 in
2007 1372 2169 1411 Lignorum
2183 1374 2384 1408 distributione

1309 1413 1514 1452 diVldentiam,
1534 1413 1585 1443 sibi
1597 1414 1722 1443 debitam
1740 1412 1810 1442 illius
1825 1413 1892 1442 anni
1913 1410 2090 1442 residentiam
2106 1411 2177 1443 ficut
2192 1413 2242 1444 hic
2259 1414 2384 1447 declara-

1310 1462 1375 1483 mus
1388 1462 1448 1482 non
1467 1452 1673 1490 compleverit,
1692 1461 1760 1481 eum
1777 1451 1868 1487 pretio
1886 1449 1972 1487 Ligni
1987 1451 2116 1488 accepti,
2135 1453 2152 1481 e
2169 1450 2303 1491 Corpore
2314 1454 2383 1485 Pre-

1309 1490 1402 1522 bende
1426 1490 1472 1521 sue
1487 1513 1497 1529 ‚
1525 1492 1558 1523 &
1581 1490 1753 1529 quotidianis
1776 1489 1829 1518 suis
1855 1488 2099 1520 distributionibus
2116 1512 2126 1527 ,
2152 1490 2356 1523 deducendum

1310 1530 1509 1560 mulctandum
1525 1530 1714 1560 decrevimus.
1732 1527 1866 1565 Denique
1881 1526 2027 1558 statuimus
2039 1528 2072 1558 &
2088 1528 2251 1560 ordinamus
2266 1541 2303 1563 ne
2321 1515 2381 1562 De:

1308 1580 1390 1598 cauus
1405 1570 1439 1600 &
1456 1567 1636 1598 Prehendarii
1647 1568 1681 1598 ad
1696 1568 1778 1598 aliam
1792 1567 1913 1603 aliquam
1930 1565 2075 1596 residentie
2089 1566 2123 1595 N
2126 1577 2239 1599 ormam
2248 1569 2306 1601 five
2315 1570 2378 1601 Re-

1309 1608 1406 1648 gulam
1420 1616 1584 1645 teneantur,
1599 1617 1672 1637 neve
1686 1614 1800 1643 propter
1813 1604 1923 1642 aliquos
1935 1605 2011 1634 circa
2027 1603 2201 1636 residentiam
2217 1610 2233 1624 ⁸
2249 1608 2378 1640 defectus

2399 189 2478 225 Anii.
2490 190 2532 230 D.

2420 233 2509 271 1629.

2400 275 2455 299 11⁷¹·
2468 281 2498 307 5.

2400 313 2466 338 Car.
2483 319 2508 342 Ι.

2397 1601 2416 1622 ·
2427 1607 2513 1645 xxxij

1311 1648 1368 1679 aliis
1390 1646 1512 1677 Maleus
1528 1645 1671 1684 quibusvis
1687 1644 1732 1674 seu
1754 1643 1925 1681 quibussibet
1950 1641 2001 1672 sint
2015 1643 2155 1681 obnoxii,
2172 1655 2258 1683 quam
2274 1658 2330 1685 que
2346 1650 2377 1680 jn
2397 1647 2444 1682 69·

1312 1688 1366 1717 hac
1382 1687 1507 1730 presente
1520 1684 1613 1714 nostra
1626 1684 1812 1728 declaratione
1827 1680 1950 1725 expressa
1967 1682 2189 1726 contineantur,
2206 1694 2378 1727 quacunque

1314 1725 1459 1798 ἓξέξὲἓῗξ
1466 1722 1679 1795 ὲὲιᾶαὲἓῑξυῖυὶα
1694 1732 1722 1753 in
1741 1720 1824 1753 dietis
1838 1720 1946 1752 statutis
1966 1730 1996 1751 in
2011 1722 2188 1753 contrarium
2204 1726 2316 1762 provisa
2332 1728 2380 1760 teu

1348 1859 1377 1894 ²:
1398 1849 1473 1882 Item
1488 1875 1498 1889 ,
1525 1849 1672 1881 statuimus
1687 1870 1696 1887 ,
1720 1846 1887 1878 ordinamus
1908 1845 1942 1877 &
1959 1843 2115 1882 volumus,
2134 1851 2164 1875 ut
2181 1842 2323 1878 Redditus
2339 1852 2385 1879 eit-

1312 1893 1467 1921 crescentes
1482 1900 1517 1921 ex
1532 1897 1690 1930 granorum
1706 1885 1921 1918 Provisionibus
1944 1884 2085 1914 reservatis
2103 1884 2249 1915 dictorum
2266 1884 2386 1917 statuto-

1312 1938 1376 1960 rum
1392 1928 1497 1969 Capite
1513 1927 1637 1970 vicefimo
1654 1929 1749 1966 quinto
1766 1950 1775 1962 ,
1790 1925 1824 1956 ad
1838 1925 1919 1955 hunc
1937 1924 1985 1960 qui
2002 1922 2124 1961 sequitur
2143 1922 2267 1954 modum
2286 1924 2382 1962 dispo-

1310 1977 1411 1999 uantur
1427 1970 1460 2000 δε
1477 1968 1680 2000 distribuantur
1693 1966 1926 2002 imperpetuum,
1947 1962 2109 2000 Imprimis,
2129 1962 2163 1992 &
2178 1961 2272 1993 donec
2286 1964 2389 1995 melius

1311 2005 1452 2038 Choristis
1475 2007 1580 2038 alendis
1600 2004 1720 2043 prospici
1745 2002 1829 2040 possit
1845 2025 1855 2041 ,
1880 2000 2014 2040 Magister
2036 1999 2220 2039 Choristarum
2235 2002 2302 2033 inde
2317 2003 2392 2034 οᾶο

1310 2044 1441 2077 Combas
1455 2046 1581 2084 Tritici,
1596 2046 1630 2076 &
1643 2044 1718 2074 Tres
1732 2041 1864 2073 Combas
1879 2039 1971 2070 Bume
1989 2041 2140 2078 quotannis
2154 2040 2271 2078 recipiat
2284 2064 2293 2079 ‚
2313 2042 2388 2074 ultra

1312 2093 1429 2128 quatuor
1444 2085 1547 2115 Libras
1564 2084 1590 2116 ei
1604 2082 1741 2113 haetenus
1753 2080 1986 2120 persolutas,pr0
2002 2077 2222 2109 confirmatione
2237 2078 2387 2111 Chorista-

1312 2135 1378 2156 rum
1398 2124 1531 2155 nondum
1549 2133 1565 2153 a
1590 2120 1697 2153 Mense
1717 2120 1775 2151 five
1801 2119 1889 2150 Dicte
1906 2117 2062 2156 privilegio
2079 2116 2284 2156 gaudentium,
2303 2119 2339 2150 &
2353 2126 2388 2151 ut

1310 2165 1447 2196 omnibus
1469 2161 1613 2194 Choristis
1633 2169 1766 2199 togarum
1785 2158 1852 2188 inde
1877 2158 2007 2194 precium
2026 2157 2178 2194 quotannis
2202 2165 2385 2196 numeretur,

1310 2205 1344 2234 &
1363 2213 1393 2234 ut
1407 2201 1550 2242 Organiste
1566 2199 1630 2231 inde
1647 2198 1772 2240 similiter
1789 2197 1942 2236 quotannis
1955 2205 2007 2234 pro
2025 2194 2124 2225 Mensa
2139 2194 2197 2226 five
2214 2195 2302 2228 Dicta
2315 2197 2388 2227 Οἱῖο

1309 2244 1394 2273 Libre
1427 2242 1620 2281 persolvantur
1674 2237 1834 2268 Reliduum
1862 2244 1932 2266 vero
1964 2234 2110 2265 dictorum
2136 2233 2314 2266 Reddituurn
2346 2244 2385 2266 ex

1307 2282 1450 2313 reservatis
1467 2287 1621 2320 granorum
1637 2261 1851 2307 l'rovilionibus
1866 2273 2087 2304 excrescentium
2123 2272 2152 2301 in
2163 2271 2320 2311 Computo
2332 2281 2385 2313 ge-

1307 2322 1392 2352 nerali
1409 2320 1466 2351 sive
1481 2320 1589 2350 Auditu
1603 2317 1632 2347 in
1649 2315 1716 2345 duas
1731 2314 1840 2352 equales
1857 2312 2006 2343 Portiones
2021 2311 2080 2342 sive
2095 2295 2265 2343 Medietates
2277 2312 2385 2350 disper-

1307 2362 1391 2391 tiatur
1408 2384 1418 2398 ,
1443 2367 1564 2398 quarum
1590 2364 1644 2386 una
1664 2352 1806 2384 Medietas
1817 2375 1826 2390 ,
1839 2353 1917 2389 quta
1932 2351 2050 2381 aliarum
2066 2348 2297 2382 Dividentiarum
2315 2359 2384 2387 pro·

1307 2400 1490 2436 portionem,
1506 2399 1604 2434 Capite
1620 2393 1718 2424 decimo
1736 2402 1806 2422 nono
1821 2389 1990 2428 definitum,
2006 2387 2192 2420 distribuatur
2204 2390 2276 2420 inter
2290 2391 2384 2418 Deca-

1308 2449 1372 2467 num
1387 2439 1420 2468 &
1434 2435 1626 2467 Prehendarios
1636 2456 1645 2471 ,
1666 2433 1714 2470 qui
1731 2430 1890 2461 residentias
1907 2428 1982 2467 suas,
1997 2427 2078 2466 juxta
2093 2427 2168 2457 hanc
2183 2425 2311 2456 nostram
2321 2426 2386 2457 De-

1309 2477 1493 2507 clarationem
1507 2473 1719 2513 compleverint
1735 2480 1788 2508 pro
1805 2469 1892 2499 Anno
1912 2466 2010 2503 finito,
2027 2465 2060 2496 ad
2078 2464 2196 2494 Festum
2214 2466 2312 2495 SanHi
2327 2469 2389 2495 Mi-

1310 2515 1407 2545 chaelis
1437 2512 1612 2549 Archangeli
1635 2511 1746 2541 dietum
1771 2508 1960 2544 Computum
1985 2503 2144 2542 generalem
2165 2502 2222 2534 five
2240 2503 2384 2535 Auditum

1312 2557 1443 2592 proxime
1470 2550 1675 2592 precedentis,
1703 2547 1741 2578 Et
1770 2547 1908 2584 quoniam
1937 2543 2011 2573 Aule
2028 2541 2084 2572 sive
2103 2540 2206 2572 Mense
2222 2545 2390 2574 communis

1313 2594 1422 2624 crestio
1442 2602 1495 2630 pro
1515 2592 1658 2620 Canonicis
1678 2587 1852 2619 minoribus,
1871 2582 1985 2618 aliisque
2007 2579 2134 2610 Ecclefie
2154 2579 2293 2612 Ministris
2311 2604 2321 2620 ‚
2347 2581 2390 2613 se.

1314 2632 1446 2662 cundum
1466 2630 1656 2661 intentionem
1676 2627 1771 2665 capite
1791 2623 1888 2652 decimo
1906 2621 2005 2650 ottavo
2026 2618 2172 2649 ditiorum
2199 2618 2389 2660 statutorum,

1309 2680 1370 2700 non
1396 2669 1437 2700 est
1463 2669 1536 2700 adeo
1559 2664 1754 2697 accommoda
1780 2670 1872 2700 neque
1895 2659 1963 2690 huic
1998 2657 2093 2689 seculo
2121 2658 2149 2687 in
2176 2666 2236 2695 quo
2261 2658 2388 2692 desuevit

1313 2709 1466 2740 convit‘tus
1495 2704 1676 2737 Monasticus
1693 2725 1702 2739 ,
1728 2710 1822 2739 neque
1848 2698 1926 2729 diste
1950 2695 2077 2728 Ecclesie
2096 2695 2286 2736 Cathedrali‚
2307 2699 2389 2729 cu'us

1316 2747 1457 2778 Redditus
1477 2745 1538 2776 sunt
1556 2743 1638 2774 valde
1659 2749 1758 2772 tenues
1776 2740 1809 2770 &
1828 2736 1940 2776 angusti
1962 2758 1972 2774 ‚
1997 2745 2090 2773 neque
2109 2734 2171 2772 ipsis
2185 2736 2307 2773 denique
2358 2747 2390 2767 a-

1315 2787 1428 2816 nonicis
1463 2783 1621 2814 minoribus
1653 2779 1764 2817 aliisque
1791 2777 1867 2808 dicte
1895 2774 2025 2806 Ecclesie
2053 2773 2193 2804 Ministris
2216 2773 2389 2814 plerumque

1314 2824 1473 2862 conjugatis
1489 2835 1499 2860 :,
1524 2821 1640 2852 Idcirco
1665 2819 1782 2849 alteram
1805 2815 1950 2846 dictorum
1968 2812 2146 2843 Reddituum
2164 2813 2387 2845 excrescentium

1315 2863 1499 2894 medietatem
1519 2860 1700 2891 decrevimus
1718 2857 1751 2887 δε
1770 2855 1935 2885 ordinamus
1954 2861 2003 2892 per
2023 2851 2175 2889 presentes,
2193 2852 2224 2881 in
2244 2851 2387 2884 sexdecim

1313 2902 1426 2940 equales
1445 2901 1590 2940 portiones
1607 2895 1791 2927 dividendam
1806 2918 1816 2930 ,
1834 2894 1868 2924 &
1889 2891 1990 2922 exinde
2008 2891 2052 2920 sex
2071 2889 2227 2919 Minoribus
2244 2893 2389 2921 Canonicis

1314 2941 1347 2971 &
1373 2941 1484 2971 Lec‘lori
1512 2941 1566 2976 Epi
1590 2936 1629 2966 ole
1653 2934 1690 2970 ὠ·
1720 2933 1830 2964 Lectori
1856 2928 2008 2966 Evangelii
2033 2929 2067 2959 &
2085 2928 2142 2957 otio
2161 2927 2270 2959 clericix
2289 2931 2386 2960 Laicis

1313 2979 1389 3010 diste
1404 2977 1530 3009 Ecclesie
1576 2973 1738 3010 athedralis,
1756 2971 1833 3002 suam
1854 2970 1959 3006 cuique
1974 2968 2138 3004 portionem
2154 2968 2284 3005 equalem
2298 2977 2386 3006 quot-

1312 3020 1391 3048 annis
1416 3016 1600 3048 dividendam
1616 3037 1625 3052 ,
1652 3022 1738 3050 atque
1757 3011 1831 3040 hanc
1850 3008 1930 3044 huius
1949 3007 2049 3037 ultime
2066 3004 2230 3036 Medietatis
2249 3005 2384 3037 distribu-

1313 3059 1425 3088 tionem
1444 3056 1569 3092 eousque
1588 3049 1816 3083 continuandam
1833 3070 1842 3083 ,
1859 3046 1954 3076 donec
1974 3045 2099 3083 quelibet
2119 3044 2310 3082 predictarum
2328 3046 2388 3077 sex-

1313 3097 1409 3127 decim
1437 3095 1558 3132 partium
1585 3089 1740 3122 excreverit
1765 3087 1799 3116 ad
1822 3086 1964 3115 summam
1984 3087 2082 3112 Decem
2102 3082 2252 3113 Librarum
2276 3085 2387 3115 viritim

1315 3135 1466 3173 quotannis
1484 3130 1684 3165 dividendam,
1702 3135 1787 3163 atque
1806 3124 1907 3154 exinde
1924 3122 2063 3153 residuum
2093 3121 2172 3160 hujus
2197 3123 2298 3153 ultime
2317 3122 2388 3154 Me-

1314 3175 1424 3204 dietatis
1441 3177 1695 3209 quantumcunque
1714 3163 1915 3198 excrescentis,
1937 3160 2120 3197 mandamus,
2139 3160 2273 3192 volumus
2291 3162 2325 3193 &
2338 3162 2386 3200 ju..

1315 3214 1416 3243 bemus
1436 3211 1508 3240 inter
1527 3211 1670 3238 Decanum
1691 3205 1724 3234 &
1748 3201 1944 3232 Prehendarios
1969 3198 2142 3230 residentiam
2166 3198 2244 3229 suam
2260 3222 2270 3236 ,
2296 3208 2386 3238 prout

1316 3251 1345 3280 in
1364 3251 1419 3280 hac
1439 3247 1626 3278 declaratione
1651 3242 1813 3280 requisitum
1841 3240 1882 3270 est
1899 3262 1908 3276 ,
1931 3238 2109 3276 complentes
2123 3260 2133 3275 ,
2158 3237 2287 3268 distribui
2304 3239 2386 3277 juxta

1316 3290 1435 3319 aliarum
1448 3285 1665 3317 dividentiarum
1686 3281 1903 3320 proportionem
1924 3277 2071 3307 distorum
2092 3275 2261 3307 statutorum
2288 3280 2386 3316 Capite

1317 3328 1414 3356 decimo
1432 3335 1500 3355 nono
1519 3323 1682 3353 definitam:
1705 3318 1822 3349 Proviso
1838 3326 1933 3348 tamen
1952 3324 1981 3346 ut
1999 3315 2076 3345 diece
2095 3318 2194 3344 Decem
2213 3314 2298 3344 Libre
2315 3314 2383 3344 viri-

1318 3367 1369 3396 tim
1393 3362 1544 3395 dividende
1570 3361 1773 3392 continuentur
1797 3358 2008 3393 imperpetuum
2027 3353 2110 3383 distis
2127 3353 2281 3383 Minoribus
2298 3355 2386 3382 Cano-

1319 3407 1386 3434 nicis
1405 3404 1437 3433 &
1457 3401 1565 3432 clericis
1585 3401 1678 3429 Laicis
1698 3398 1730 3427 &
1750 3394 1910 3425 Latiaribus
1929 3391 2047 3431 Epistole
2066 3390 2104 3425 &¹
2121 3390 2291 3428 Evangelii,
2309 3390 2383 3421 ultra

1319 3442 1455 3480 stipendia
1465 3438 1636 3478 jampridem
1652 3444 1752 3467 eorum
1771 3434 1887 3465 cuilibet
1904 3432 2037 3469 allocata,
2054 3430 2200 3462 dictorum
2215 3429 2387 3460 statutorum

1320 3484 1415 3521 Capite
1436 3478 1567 3517 vicefimo.

1359 3567 1385 3596 3.
1405 3556 1480 3588 Item
1496 3564 1565 3586 cum
1583 3553 1618 3583 ad
1636 3550 1839 3582 sublevandum
1862 3548 2027 3580 Decanatus
2044 3546 2168 3576 Norwici
2193 3551 2385 3581 paupertatem

1322 3598 1355 3628 &
1375 3596 1541 3626 tenuitatem
1557 3617 1566 3630 ,
1596 3593 1653 3628 (pie
1672 3590 1821 3624 memorie)
1844 3587 1924 3618 Pater
1944 3586 2038 3617 noster
2055 3583 2178 3623 Jacobus
2193 3584 2272 3618 Rex,
2290 3581 2386 3613 dicro-

1323 3645 1385 3664 rum
1407 3634 1575 3664 statutorum
1594 3629 1730 3667 Capitulo
1744 3626 1866 3667 vicefimo
1884 3629 1980 3667 quinto
1991 3647 2000 3662 ‚
2019 3626 2162 3661 integrum
2181 3623 2340 3650 Manerium
2352 3621 2386 3651 de

1322 3674 1446 3702 Newton
1464 3681 1533 3702 cum
1553 3669 1726 3706 pertinentiis
1747 3665 1881 3696 univerfis
1898 3688 1907 3702 ,
1926 3665 1958 3694 &
1977 3662 2126 3693 Redoriam
2141 3658 2174 3687 de
2191 3661 2306 3696 Trows,
2324 3662 2386 3689 De-

1320 3721 1384 3739 cano
1413 3712 1445 3739 &
1463 3711 1520 3748 ejus
1539 3710 1750 3744 imperpetuum
1770 3703 1975 3735 successoribus
1997 3709 2050 3737 pro
2067 3697 2201 3734 Corpore
2220 3696 2386 3729 Decanatus

1319 3749 1358 3778 sui
1378 3748 1544 3784 affignavit:
1568 3746 1638 3777 Nos
1655 3743 1797 3775 humilem
1815 3741 2062 3779 Supplicationem
2078 3738 2184 3778 Decani
2202 3734 2240 3770 &
2262 3736 2387 3774 Capituli

1322 3788 1454 3816 certiores
1473 3787 1542 3817 faeti
1557 3810 1566 3822 ,
1591 3784 1669 3821 quod
1695 3783 1752 3813 talis
1773 3779 1922 3811 concessio
1941 3779 1974 3809 &
1994 3781 2143 3817 annexatio
2161 3773 2318 3805 Terrarum
2336 3786 2387 3813 per

1322 3824 1522 3863 possessionem
1543 3823 1621 3854 diste
1641 3821 1767 3852 Ecclesie
1785 3820 1844 3849 fieri
1863 3828 1923 3848 non
1942 3814 2045 3852 poterit
2058 3834 2068 3849 ,
2085 3820 2155 3841 c1tra
2171 3821 2309 3850 magnum
2329 3814 2390 3844 Ec-

1323 3865 1404 3894 clesie
1425 3862 1646 3893 incommodum
1662 3862 1695 3891 &
1713 3857 1890 3889 manifestam
1907 3853 2014 3884 charte
2033 3849 2219 3881 Fundationis
2243 3853 2276 3883 ὃς
2296 3852 2390 3883 Privi-

1322 3903 1463 3940 legiorum
1483 3902 1558 3931 dicte
1574 3899 1700 3930 Ecclesie
1719 3897 1896 3927 eversionem
1910 3915 1920 3929 ‚
1941 3891 1977 3920 de
1994 3888 2142 3919 clementia
2160 3890 2195 3921 &
2214 3892 2302 3926 gratia
2322 3901 2393 3921 nos-

1325 3950 1365 3971 tra
1385 3940 1495 3978 speciali
1513 3939 1668 3970 Statuimus
1681 3957 1691 3973 ,
1716 3934 1889 3964 ordinamus
1906 3931 1944 3972 &⁵
1959 3927 2100 3970 Volumus
2114 3952 2124 3965 ,
2149 3937 2180 3958 ut
2198 3928 2308 3959 dictum
2327 3930 2391 3966 qui-

1325 3979 1393 4009 dem
1416 3977 1578 4008 Manerium
1598 3976 1632 4006 de
1650 3977 1774 4003 Newton
1790 3980 1860 4000 curn
1876 3974 2048 4006 pertinentiis
2067 3967 2212 4003 universis,
2233 3966 2393 3999 &Recto-

1326 4019 1365 4048 ria
1383 4016 1419 4046 de
1437 4019 1534 4045 Trows
1561 4016 1588 4044 in
1612 4014 1716 4044 eodem
1742 4010 1812 4039 statu
1830 4008 1881 4038 sint
1900 4014 1961 4043 quo
1978 4013 2071 4035 cetera
2092 4004 2224 4036 Manena
2242 4006 2319 4035 diere
2334 4005 2394 4037 Ec-

1328 4055 1410 4087 clesie
1427 4076 1437 4092 ‚
1461 4056 1494 4086 &
1514 4054 1548 4085 ad
1566 4053 1692 4083 Firmam
1715 4048 1820 4078 dimitti
1843 4045 1967 4083 poterint
1992 4042 2178 4081 imposterum
2194 4067 2203 4081 ,
2225 4053 2397 4111 quacuglque

2347 4091 2398 4112 au·
