2536 4255
597 162 709 206 ET
791 154 1056 202 ACTA
1139 146 1620 204 PUBLICA.

94 254 114 275 ⁷*
135 254 273 284 Andreas
289 253 440 292 Everard,
460 251 605 287 Clericus,
626 250 661 280 A.
679 248 727 279 M.
746 247 831 277 habet
846 245 1004 276 consimiles
1020 244 1127 274 Literas

0 303 12 328 ;.
30 281 37 288 “
59 287 189 327 Patentes
213 293 250 323 de
277 292 486 324 Presentatione
509 290 544 320 ad
569 288 736 319 Rec'toriam
765 286 799 315 de
824 286 912 314 Kirke
935 281 1096 313 Bramwith
1112 305 1121 318 ,

56 329 190 361 Diocefis
209 331 331 361 Eborum
346 356 356 369 ,
382 340 432 368 per
460 336 584 359 mortem
611 326 703 355 ultimi
722 324 919 354 Incumbentis
938 322 1046 352 ibidem
1063 321 1121 357 jam

57 378 206 400 vacantem
217 393 227 407 ,
244 371 277 401 &
294 369 328 400 ad
347 369 473 399 nostram
494 365 728 403 presentationem
748 363 834 399 pleno
848 363 912 399 jure
929 361 1121 398 spectantem,

23 433 29 440 .
55 407 90 439 ὅσ
109 408 272 445 diriguntur
291 408 327 438 he
344 408 438 437 Litere
455 413 485 434 ut
503 404 589 439 supra.

91 446 182 478 Teste
200 446 285 484 Rege
298 446 373 484 apud
392 440 670 481 westmonasterium,
690 438 805 468 decimo
824 447 905 468 nono
923 437 968 467 die
983 436 1078 475 Junii.

95 525 233 554 Patricius
249 521 406 559 chapman.
427 517 572 554 Clericus,
592 515 629 546 A.
646 514 694 545 M.
711 515 797 545 habet
815 513 974 545 consimiles
993 513 1126 542 Patentes

58 561 94 592 de
113 561 322 593 Presentatione
341 559 375 588 ad
395 557 565 586 Reitoriam
584 554 620 585 de
639 554 822 592 Winthorpe,
840 552 968 583 Diocesis
988 551 1128 585 Eborum,

56 609 105 639 per
131 608 258 630 mortem
286 597 379 627 ultiini
407 594 601 624 Incumbentis
626 593 735 622 ibidem
758 595 819 631 jam
836 600 986 622 vacantem
1003 613 1012 626 ,
1038 590 1071 618 ὃς
1091 588 1126 617 ad

58 638 186 669 nostram
205 635 441 673 presentationem
461 633 546 671 pleno
561 633 625 670 jure
643 630 836 669 spetstantem3
857 631 890 661 &
909 629 1067 667 diriguntur
1086 626 1125 656 he

58 677 157 707 Litere
175 683 205 705 ut
223 674 311 710 supra.
732 708 737 712 Ι
834 708 838 712 .
1013 707 1017 711 ι

92 713 183 746 Teste
201 711 286 751 Rege
301 710 375 749 apud
396 708 674 749 Wstmonasterium,
697 715 792 745 primo
812 707 857 737 die
876 704 1039 735 Decembris.

93 788 241 829 Johannes
267 792 379 818 Barton
397 810 407 826 ,
432 786 562 817 Clericus
576 809 586 823 ,
606 784 644 814 A.
667 781 714 813 Μ.
735 782 819 812 habet
835 782 995 826 consimiles
1017 783 1126 814 Literas

59 827 188 860 Patentes
206 829 242 858 de
262 826 469 857 presentatione
485 825 519 854 ad
542 823 710 853 Reitoriam
733 822 767 851 de
788 824 875 864 ⁸ere
901 821 964 851 alias
989 825 1063 860 Ryne
1081 826 1124 851 in-

59 866 195 906 trinfi’ca,
214 876 262 904 per
281 874 407 896 mortem
427 864 518 894 ultimi
538 861 731 892 Incembentis
756 860 862 901 ibidem
878 861 936 897 jam
957 870 1127 898 vacantem,

56 907 91 937 δε
109 906 144 935 ad
163 906 290 935 nostram
310 903 544 942 presentationem
564 902 650 939 pleno
663 900 725 937 jure
745 899 934 936 spectantem,
953 899 986 929 &
1000 899 1128 938 dirigun-

60 954 104 976 tur
122 945 160 974 he
180 944 273 974 Litere
292 952 322 973 ut
340 941 429 978 supra.
708 977 712 981 Ι
902 976 906 981 .
969 976 973 981 ι
1069 979 1073 982 Δ

93 983 182 1014 Teste
202 982 283 1022 Rege
298 979 372 1019 apud
391 976 667 1018 westmonasterium,
686 973 822 1006 vicesimo
842 983 928 1005 tertio
946 975 992 1006 die
1009 979 1093 1006 Maii.

99 1059 249 1099 Johannes
278 1055 466 1096 Balcanquall
478 1080 487 1092 ‚
515 1054 544 1084 S.
565 1053 606 1084 T.
625 1054 658 1084 P.
678 1053 763 1083 hibet
798 1051 905 1082 Literas
939 1051 1068 1094 Parentes
1091 1051 1128 1082 de

60 1098 259 1129 Concessione
276 1096 310 1126 ad
329 1094 508 1125 Prebendam
528 1093 586 1122 sive
601 1093 814 1123 Canonicatum
832 1091 860 1120 iri
878 1091 1004 1121 Ecclesia
1015 1090 1125 1120 Cathe-

58 1137 127 1168 drali
144 1135 277 1174 Roffiwfi,
294 1144 343 1172 per
363 1142 489 1164 mortem
508 1130 639 1161 Richardi
660 1130 803 1167 Woodyere
817 1129 876 1166 jam
896 1138 1065 1166 vacantem,
1092 1130 1125 1160 &

57 1175 93 1205 ad
112 1175 239 1205 nostram
256 1173 441 1203 donationem
460 1171 545 1208 pleno
560 1170 621 1206 jure
640 1169 822 1211 spedhintem.
968 1206 972 1210 ι

96 1213 187 1244 Teste
213 1212 295 1251 Rege
321 1211 395 1250 apud
418 1207 675 1249 westmonasterium
692 1230 702 1245 ‚
716 1206 832 1237 deeimo
848 1204 925 1235 sexto
945 1203 992 1235 die
1010 1207 1129 1244 Septem-

63 1251 127 1282 bris.

100 1328 261 1358 Edwardus
281 1331 382 1364 Younge
398 1350 407 1362 ‚
431 1325 459 1356 S.
479 1324 519 1355 T.
540 1324 571 1354 B.
589 1323 676 1353 habet
697 1320 857 1352 consimiles
875 1319 982 1351 Literas
1002 1320 1132 1363 Patentes

61 1367 98 1398 de
118 1367 312 1397 Conceffione
328 1369 362 1396 ad
383 1362 561 1394 Prebendam
583 1362 640 1391 five
663 1359 874 1390 Canonicatum
895 1360 1009 1390 tertium
1025 1369 1053 1388 in
1074 1359 1132 1389 Ec-

63 1406 142 1437 clesia
162 1404 325 1436 Catliedrali
345 1400 516 1441 Norwicenfi
528 1423 537 1437 ,
563 1409 612 1436 per
638 1398 805 1429 Cessionem
826 1397 917 1428 ultimi
937 1398 1134 1429 incumbentis

64 1445 172 1474 ibidem
200 1444 244 1473 vel
268 1443 361 1479 aliquo
389 1441 444 1469 alio
463 1447 638 1477 quocunque
658 1438 748 1467 modo
771 1438 830 1474 jam
852 1445 999 1467 vacantem
1017 1459 1025 1474 ,
1046 1438 1079 1468 &
1097 1435 1131 1466 ad

66 1483 192 1513 nostram
232 1481 446 1510 resentationetn
465 1479 549 1513 pleno
569 1477 630 1512 jure
653 1476 835 1518 speetantem.
977 1513 981 1518 Α

103 1520 192 1551 Teste
250 1527 301 1558 ege
318 1518 391 1557 apud
413 1515 675 1555 slestnionastertum
686 1537 696 1553 ‚
718 1515 836 1545 decimo
856 1521 937 1544 nono
955 1512 1001 1543 die
1018 1517 1136 1553 Septem-

67 1560 131 1591 bris.

101 1635 258 1674 Radulphus
277 1633 408 1674 Purefoye
422 1655 432 1671 ‚
459 1632 590 1663 Clericus
609 1655 619 1669 ,
647 1631 680 1660 A.
703 1630 749 1661 Μ.
774 1630 859 1661 habet
877 1630 983 1660 Literas
1001 1630 1133 1660 Patentes

37 1673 41 1682 ‘
65 1674 102 1705 de
122 1673 317 1704 Conceslione
335 1674 369 1703 ad
389 1665 559 1709 stipendium
578 1670 614 1700 de
630 1669 748 1708 Austie,
766 1670 837 1699 infra
858 1669 1030 1699 Libertatem
1051 1668 1134 1699 Civi-

66 1713 128 1743 tatis
155 1715 304 1742 coventrie
322 1733 331 1748 ,
360 1720 409 1748 per
438 1710 673 1746 Resignationem
699 1709 791 1738 ultimi
809 1707 1006 1737 Incumbentis
1026 1708 1133 1737 ibidem

65 1752 126 1790 jam
152 1759 305 1782 vacantem
321 1772 330 1786 ‚
354 1750 387 1780 ὃς
406 1748 440 1780 ad
460 1749 585 1778 nostram
605 1747 791 1778 donationem
817 1747 903 1784 pleno
919 1747 984 1783 jure
1008 1745 1136 1783 spedian-

72 1798 140 1821 tem·

94 1865 201 1912 ..Teste
220 1864 304 1904 Rege
321 1862 396 1904 apud
414 1862 669 1903 Westmonasterium
685 1885 695 1901 ,
715 1861 829 1894 decimo
848 1860 926 1892 sexro
945 1861 991 1892 die
1015 1862 1138 1893 Februa-

72 1914 118 1935 ru.

156 2044 392 2092 Dispenflztiones
408 2048 444 2085 &³
462 2045 632 2080 Facultates
648 2042 684 2077 de
703 2046 794 2078 Anno
810 2051 917 2090 quarto
940 2043 1051 2076 Caroli.

0 2137 52 2206 .8D.
78 2135 278 2202 GEngusa
297 2140 476 2173 Providentia
491 2139 586 2173 divina
603 2138 805 2179 Cantuarienfis
821 2136 1076 2183 Archiepiscopus‚
1095 2146 1141 2169 to‘-

0 2218 31 2243 Di

0 2301 19 2327 l..

9 2340 33 2359 1.

0 3268 53 3296 lx.

163 2180 217 2215 tius
230 2179 335 2216 Anglie
351 2180 460 2211 Primas
476 2181 509 2211 &
524 2180 784 2217 Metropolitanus,
800 2177 834 2207 ad
850 2177 1025 2215 infrascripta
1038 2178 1141 2208 autho-

28 2216 58 2253 s-
77 2218 156 2247 ritate
175 2216 355 2248 Parliamenti
369 2219 471 2256 Anglie
486 2219 625 2256 legittime
639 2218 768 2253 fulcitus,
786 2215 892 2245 dilerfto
905 2217 990 2246 nobis
1006 2217 1036 2245 in
1052 2215 1141 2246 Chri-

77 2255 122 2285 sto
137 2254 234 2285 Thome
250 2259 347 2295 Spratt
363 2256 479 2287 Clerico
494 2280 504 2295 ,
529 2259 557 2287 in
579 2257 694 2288 Artibus
713 2255 919 2285 Bacchalaureo
935 2277 944 2292 ,
966 2264 1083 2284 necnon
1101 2256 1143 2285 uti

75 2293 201 2324 aflei-itur
222 2293 378 2331 Capeliano
393 2296 550 2326 Prenobilis
564 2295 626 2326 Viri
645 2293 745 2333 Jacobi
760 2296 817 2329 Ley
838 2292 956 2330 Militis,
977 2292 1091 2323 Baronis
1107 2293 1142 2324 de

77 2334 135 2361 Lee
154 2333 187 2362 ὃς
207 2332 336 2364 Comitis
355 2333 585 2372 Marleborough,
603 2335 636 2365 ὃς
651 2334 735 2364 totius
751 2330 855 2369 Anglie
870 2331 1049 2362 Thesaurarii
1065 2331 1143 2361 Salu-

77 2379 138 2400 tem
153 2371 186 2402 &
199 2372 329 2409 gratiam.
347 2371 473 2410 Majores
488 2374 517 2402 in
532 2373 611 2403 sacris
628 2373 711 2402 literis
725 2369 884 2409 progressus
901 2371 1010 2408 premia
1032 2370 1141 2408 majora

74 2408 237 2446 postulant,
258 2412 290 2440 ὃς
313 2411 403 2447 plures
423 2412 452 2441 in
471 2412 527 2441 vita
543 2411 704 2449 quotidiana
722 2408 911 2446 necessitates,
928 2408 1005 2446 plura
1021 2410 1079 2439 vite
1093 2419 1143 2439 ne-

76 2446 191 2477 cessaria
218 2447 345 2477 Subsidia
371 2451 538 2487 requirunt,
567 2450 682 2487 Qiibus
703 2450 784 2478 rebus
811 2447 919 2483 tuisque
937 2449 966 2477 in
985 2447 1040 2478 hac
1061 2455 1140 2485 parte

75 2485 338 2523 Supplicationibus
367 2489 512 2524 permoti,
539 2496 635 2518 tecum
653 2496 682 2516 ut
703 2496 756 2516 una
773 2495 841 2516 cum
861 2484 1000 2516 Redioria
1019 2485 1144 2517 Ecclesie

77 2523 248 2554 Parochialis
264 2524 300 2554 de
318 2528 449 2553 Stratron
466 2525 547 2563 firper
566 2526 639 2564 Foſje
657 2525 786 2556 Diocesis
804 2523 994 2563 Bathonienfis
1009 2521 1047 2559 ό·
1074 2524 1145 2554 Wel-

77 2562 155 2600 lenfis
168 2564 267 2600 (quam
278 2564 337 2600 jam
354 2564 478 2597 obtines)
499 2565 663 2594 Reitoriam
679 2562 804 2594 Ecclesie
813 2562 984 2593 parochialis
996 2562 1031 2594 de
1046 2564 1144 2593 Mida&

77 2599 153 2631 leton
170 2602 233 2632 alias
251 2601 429 2632 Pruddimore
447 2602 553 2632 Milton
572 2604 695 2641 ejusdem
713 2601 845 2632 Diocelis
860 2601 964 2637 (modo
980 2611 1042 2631 non
1059 2601 1143 2633 distet

78 2649 96 2670 a
113 2639 206 2670 Priori
226 2639 295 2670 ultra
312 2641 467 2671 Sexdecem
488 2641 631 2678 Milliaria)
655 2642 779 2678 recipere
797 2641 830 2670 &
851 2640 945 2677 quoad
962 2641 1063 2670 vixeris
1081 2642 1146 2671 reti-

80 2687 164 2716 nere,
183 2687 268 2717 atque
285 2679 446 2710 alterutrum
462 2679 606 2711 diciorum
622 2679 827 2711 beneficiorum
845 2678 959 2716 quando
975 2680 1026 2709 tibi
1039 2689 1146 2717 oppor-

82 2724 187 2747 tunum
205 2717 363 2756 videbitur,
380 2718 539 2756 dimittere,
560 2719 593 2749 &
606 2719 674 2749 loco
690 2718 761 2748 illius
776 2717 814 2747 sic
828 2716 948 2754 dimissi,
968 2727 1057 2748 unum
1073 2718 1147 2749 aliud

84 2755 278 2794 quodcunque
297 2756 438 2788 Curatum
457 2758 501 2788 vel
520 2768 577 2787 nori
598 2757 737 2788 Curatum
754 2778 763 2793 ,
789 2756 835 2785 seu
849 2755 912 2785 alias
934 2757 1149 2794 incompatibile

81 2791 257 2837 Beneficium
270 2794 500 2827 Ecclesiasticum
518 2796 621 2833 (modo
638 2806 696 2826 non
712 2795 795 2826 distet
809 2795 845 2825 ab
858 2804 895 2824 eo
905 2793 1049 2826 Beneficio
1067 2795 1146 2834 quod

83 2835 225 2862 retinueris
247 2833 316 2864 ultra
338 2834 492 2866 duodecim
522 2834 664 2871 Milliaria)
689 2834 814 2864 similiter
837 2834 964 2870 recipere
983 2834 1146 2865 &insimul

83 2870 177 2906 quoad
200 2872 300 2903 vixeris
325 2874 461 2911 retinere,
486 2873 571 2903 libere
594 2875 626 2904 ὃς
643 2873 718 2903 licite
733 2872 820 2903 valeas
833 2873 866 2902 &
881 2871 967 2908 poffis
981 2873 1149 2904 auctoritate

83 2907 206 2946 prediCta
220 2932 230 2947 ‚
253 2912 392 2948 quantum
417 2913 447 2942 in
462 2912 544 2942 nobis
565 2911 622 2947 est,
642 2911 753 2948 &jura
770 2910 861 2940 Reoni
876 2912 1028 2948 patiuntur)
1050 2921 1149 2943 tenore

85 2945 267 2977 presentium
283 2951 400 2987 gratiose
414 2950 599 2989 dispensamus
621 2949 789 2987 (Canonicis
806 2933 1068 2980 Constitutionibus
1086 2960 1148 2980 non

84 2983 261 3015 obstantibus
273 2988 499 3026 quibuscunque)
519 2987 638 3018 Proviso
655 2987 763 3024 semper
781 2994 809 3017 ut
827 2988 858 3016 in
874 2987 998 3025 qualibet
1012 2989 1149 3025 prediCta-

87 3032 153 3066 rum
168 3022 357 3055 Ecclesiarum
371 3034 428 3056 tam
445 3037 476 3057 ea
491 3038 506 3057 a
521 3037 575 3065 qua
593 3027 729 3064 majorem
746 3026 786 3055 ob
804 3034 910 3064 partem
925 3034 954 3056 te
969 3027 1061 3056 abesse
1075 3037 1148 3057 con-

86 3062 197 3106 tigerit,
217 3072 302 3100 quam
327 3063 408 3093 altera
430 3066 460 3095 in
484 3076 539 3103 qua
555 3075 717 3103 perpetuam
735 3064 768 3094 ὃς
782 3064 958 3101 personalem
971 3065 1147 3096 residentiam

85 3103 203 3142 secem,
221 3101 378 3132 tresdecetn
395 3105 541 3139 quotannis
558 3103 723 3134 Conciones
735 3105 812 3141 juxta
829 3102 1032 3133 Ordinationes
1045 3103 1150 3135 Eccle-

87 3144 124 3181 iie
140 3139 295 3177 Anglicane
311 3140 395 3170 editas
411 3142 438 3170 in
453 3151 484 3171 ea
502 3151 577 3178 parte
593 3141 807 3179 liabeas,iisque
823 3141 941 3172 Sacrum
952 3141 1009 3172 Dei
1027 3144 1149 3174 verbum

88 3182 213 3216 sincere,
232 3178 356 3216 religiose
370 3179 403 3208 δε
418 3188 578 3210 reverenter
600 3182 698 3210 tractes
712 3202 722 3218 ,
741 3189 827 3218 utque
842 3182 872 3210 in
884 3179 989 3210 eodem
1005 3180 1149 3212 Beneficio

87 3226 104 3247 a
120 3225 179 3259 quo
194 3224 222 3247 te
240 3218 325 3256 magis
339 3217 432 3248 abefle
448 3219 598 3256 contigerit
614 3229 663 3256 per
677 3219 748 3248 duos
763 3228 861 3248 tamen
878 3219 985 3250 menses
1000 3222 1150 3257 quotannis

91 3254 305 3292 hospitalitatem
320 3265 446 3287 exerceas
478 3266 569 3294 eoque
587 3264 718 3294 tempore
732 3266 785 3294 pro
798 3257 871 3287 illius
883 3257 1018 3288 Beneficii
1038 3259 1057 3279 ³*
1079 3259 1102 3289 F
1104 3270 1150 3289 ru-

91 3294 184 3325 <itibus
203 3294 236 3324 &
257 3293 432 3325 Commodis
452 3278 607 3332 Rarocliie,
624 3296 680 3333 ejus
699 3295 804 3325 incolas
814 3295 958 3333 presertim
973 3306 1095 3336 egenOS,
1115 3299 1149 3329 &

89 3342 224 3371 pauperes
235 3341 373 3370 quantum
390 3335 493 3372 poteris
508 3333 657 3371 sustentes,
667 3335 699 3365 &
714 3334 834 3371 releves,
845 3334 962 3364 Proviso
974 3337 1060 3366 etiam
1074 3338 1149 3366 sem—

87 3381 138 3409 per
160 3371 239 3409 quod
258 3372 328 3402 illius
343 3371 470 3402 Ecclesie
489 3371 567 3403 Cura
582 3383 597 3402 a
617 3383 670 3410 qua
689 3382 716 3403 te
737 3373 859 3402 maxime
874 3373 965 3403 abesse
981 3377 1151 3414 contigerit,

86 3420 136 3448 per
153 3409 320 3440 Ministrum
334 3411 454 3448 aliquem
476 3411 614 3441 idoneum
634 3412 682 3448 qui
702 3419 781 3448 aptus
796 3411 830 3441 ad
849 3411 1046 3449 explicandum
1060 3416 1093 3444 &
1106 3416 1149 3443 in-

87 3449 298 3486 terpretandum
311 3447 470 3479 Christiane
490 3449 646 3488 Religionis
661 3449 803 3486 Principia
817 3448 1003 3489 Verbumque
1018 3452 1073 3483 Dei
1089 3453 1150 3483 Po-

86 3488 155 3526 pulo
170 3488 398 3518 annunciandum
418 3487 521 3523 (modo
537 3488 663 3520 Facultas
679 3488 802 3525 ejusdem
819 3487 945 3519 Ecclesie
967 3490 1050 3520 talem
1064 3500 1149 3521 cotn-

88 3526 176 3557 mode
197 3525 329 3557 sustinere
348 3525 443 3563 possit)
466 3526 636 3557 laudabiliter
660 3528 763 3557 interea
777 3536 825 3564 per
842 3530 939 3558 omnia
956 3528 1143 3567 deserviatur,

88 3564 237 3603 eidemque
258 3564 386 3595 ministro
410 3574 575 3603 competens
596 3564 789 3602 sufficiensque
812 3565 946 3596 Salarium
970 3577 985 3596 a
1002 3568 1059 3597 loci
1077 3569 1149 3598 illius

90 3601 235 3641 Episcopo
254 3603 299 3633 sua
319 3604 381 3633 sana
399 3603 578 3633 Discretione
597 3604 640 3633 vel
656 3615 673 3634 a
689 3604 769 3634 nobis
784 3603 1033 3635 Successoribusve
1048 3606 1149 3636 nostris

91 3641 154 3671 casu
174 3652 231 3680 quo
247 3642 422 3673 Diocesanus
438 3641 595 3679 Episcopus
609 3642 676 3672 huic
686 3642 798 3672 Officio
814 3644 932 3673 minime
945 3644 1102 3675 satisfecerit
1116 3645 1150 3674 li-

92 3680 252 3710 mitandum
274 3682 307 3712 &
330 3681 525 3720 assignandum
549 3682 636 3717 (bona
656 3680 722 3717 fide)
740 3680 876 3718 prestetur
898 3684 931 3714 &
958 3683 1152 3722 persolvatur;

91 3715 213 3749 Proviso
229 3728 322 3749 autem
336 3721 414 3758 quod
429 3718 465 3749 he
484 3720 577 3749 Litere
591 3720 643 3748 tibi
660 3729 719 3749 non
734 3719 883 3756 proficiant
893 3743 902 3759 ,
919 3721 967 3750 nisi
983 3731 1031 3758 per
1044 3721 1150 3753 Literas

94 3756 321 3795 PatentesRegie
331 3757 483 3796 Majestatis
497 3758 590 3787 debite
605 3758 707 3787 fuerint
721 3757 897 3789 confirmate.
916 3759 986 3789 Dat’
1001 3761 1051 3789 snb
1066 3760 1152 3798 Sigil-

94 3795 125 3824 lo
141 3796 174 3824 ad
191 3795 345 3826 Facultates
362 3797 487 3827 secundo
501 3797 546 3826 die
561 3795 670 3826 Mensis
692 3795 816 3834 Aprilis,
838 3797 926 3827 Anno
943 3797 1069 3828 Domini
1089 3800 1152 3830 mil-

91 3833 194 3900 ἱεῇιτίρ
209 3833 409 3876 sexcentesimo
426 3835 563 3867 vicesimo
576 3835 699 3873 oistavo,
716 3837 749 3866 ὅς
765 3835 860 3865 nostre
879 3836 1064 3867 translationis
1077 3838 1155 3869 deci-

97 3881 148 3901 mo
175 3880 292 3908 eptimo.

131 3909 261 3946 Carolus,
272 3909 326 3940 Dei
335 3910 448 3949 Gratia,
459 3911 561 3949 Anglie
571 3935 580 3950 ,
589 3915 688 3949 Scotie,
697 3914 810 3941 Francie
826 3911 859 3942 δε
876 3911 1007 3942 Hibernie
1026 3913 1156 3952 RexAEi-

99 3947 145 3979 dei
162 3948 319 3985 Defensor,
336 3949 397 3979 &c.
416 3950 562 3981 Omnibus
574 3952 609 3981 ad
625 3960 695 3987 quos
712 3951 851 3980 presentes
864 3950 955 3980 Litere
970 3955 1158 3992 pervenerint,

99 3988 235 4018 Salutem.
256 3985 427 4024 Inlpeximus
445 3990 575 4026 quasdam
598 3990 703 4020 Literas
726 3989 974 4027 Dispenshtionum
990 3991 1160 4028 presentibus

97 4032 239 4063 annexas,
251 4035 318 4062 quas
334 4026 367 4055 ὃς
382 4025 486 4063 singula
502 4029 531 4058 in
549 4028 587 4058 eis
601 4038 737 4059 contenta
749 4029 824 4065 juxta
839 4027 982 4065 quendam
991 4028 1099 4059 Actum
1117 4032 1161 4061 in-

97 4068 134 4098 de
151 4066 178 4094 in
195 4064 386 4095 Parlianiento
402 4063 523 4095 Domini
537 4068 651 4098 Hemicz'
667 4077 755 4106 nuper
771 4066 858 4107 Regis
866 4065 971 4104 Anglie
986 4068 1083 4099 octavi
1095 4069 1164 4101 Pre—

136 4105 209 4134 Tom.
227 4105 308 4133 VIII.
334 4104 365 4131 P.
386 4104 443 4131 ΙΙΙ.

2194 166 2241 190 »ἢὸ

2192 189 2240 216 ᾖ)

1163 241 1318 273 decessoris
1332 243 1419 273 nostri
1438 244 1566 284 editum,
1584 246 1800 286 ratificavimus,
1817 247 2037 286 approbavimus
2051 271 2061 287 ,
2077 240 2110 279 δὲ
2125 245 2229 278 confir-
2253 243 2331 283 Am·
2347 237 2389 275 D*

1166 281 1306 311 mavimus
1323 303 1332 317 ‚
1350 290 1382 309 ac
1402 292 1454 318 pro
1472 284 1555 312 nobis
1573 284 1734 314 Heredibus
1753 287 1786 316 δε
1806 287 2021 318 Succefforibus
2041 286 2141 318 nostris
2160 286 2225 315 rati-

1163 317 1281 348 ficamus
1295 342 1304 356 ,
1330 321 1518 355 approbamus
1547 322 1579 351 δε
1600 321 1803 353 confirmamus
1822 335 1869 361 per
1887 325 2047 361 Presenzesg

2273 281 2360 311 1628.

2080 325 2122 355 lta
2148 324 2227 363 quod
2246 324 2299 348 Aa.
2319 330 2347 355 4-

1163 356 1279 386 Thomar
1293 360 1390 400 ,s‘pratt
1404 379 1412 394 ,
1433 356 1560 388 Clericus
1578 381 1587 395 ,
1606 361 1634 388 in
1656 360 1772 390 Artibus
1792 361 1990 393 Baccalaurciis
2016 366 2044 395 in
2064 364 2145 394 dictis
2164 365 2228 394 lite*
2249 363 2314 387 Gar.
2330 367 2357 393 1»,
2383 382 2385 391 .

1165 397 1200 424 ris
1221 403 1398 432 nominatus,
1418 396 1552 424 omnibus
1571 398 1604 427 &c
1622 398 1732 437 singulis
1754 401 1781 429 in
1798 401 1900 431 eisdem
1920 402 2080 439 lpecfficaiis
2099 404 2154 438 uti,
2173 402 2230 432 frui

1165 434 1200 464 &
1221 434 1304 471 potiri
1323 434 1410 477 valeat
1429 434 1461 463 &
1483 432 1583 470 possit,
1604 434 1690 465 libere
1711 439 1743 467 &
1765 440 1876 478 quiete,
1893 441 2010 477 impune
2025 444 2058 472 &
2079 443 2170 478 iicite,
2191 441 2232 471 se-

1167 473 1295 503 cundum
1315 481 1391 507 Vim,
1412 471 1538 515 formam
1558 474 1590 503 &
1603 473 1741 504 effectum
1755 478 1905 507 earundem
1921 480 2021 516 absque
2040 481 2232 519 impedimen-

1165 518 1197 540 to
1218 519 1409 548 quocunque,
1430 509 1474 552 lio
1493 510 1573 546 quod
1584 512 1716 552 *expressa
1737 516 1845 544 mentio
1865 516 1900 545 de
1916 518 2084 548 certitudine
2112 519 2234 548 Premis-

1167 550 1261 579 sorum
1281 557 1327 579 aut
1346 550 1381 579 de
1401 548 1458 578 aliis
1477 547 1558 576 donis
1577 550 1632 577 sive
1651 551 1878 582 concessionibus
1892 564 1940 591 per
1960 566 2009 584 ms
2025 558 2117 587 eidem
2133 557 2245 587 Thom‘e.

1167 597 1231 618 ante
1251 588 1307 617 hec
1326 596 1455 625 tempora
1475 585 1555 615 fietis
1567 587 1595 615 in
1618 586 1796 619 presentibus
1812 590 1931 622 minime
1950 593 2024 624 fieta.
2043 595 2132 626 existit
2153 618 2156 622 .
2183 605 2230 626 aut

1167 626 1263 664 aliquo
1279 625 1391 656 Statuto
1406 648 1415 663 ,
1441 624 1518 655 Αᾶυ
1532 647 1541 662 ,
1568 624 1756 656 Ordinatione
1771 649 1780 664 ,
1797 623 1985 668 Provifione,
2004 629 2233 665 proclamatione

1168 665 1225 694 five
1245 664 1437 695 Restrictione
1458 663 1522 693 inde
1547 664 1575 692 in
1597 665 1770 694 contrarium
1791 665 1857 695 fa&²
1876 668 1943 697 edit'
1961 671 2081 704 ordinat'
2100 673 2144 704 seu
2164 684 2233 710 pso-

1167 704 1218 733 vis’
1235 711 1281 733 aut
1299 703 1388 740 aliqua
1405 703 1455 732 alia
1476 712 1505 731 re
1521 701 1600 731 causa
1617 702 1663 733 vel
1687 704 1801 733 materia
1827 713 1998 744 quacunque
2016 710 2044 739 in
2062 712 2154 748 aliquo
2172 723 2233 744 non

1166 741 1307 809 οῠίὶυῗξε.
1326 740 1358 770 Iri
1378 741 1459 778 cujus
1474 741 1513 770 rei
1532 739 1748 772 Testimonium
1765 741 1813 772 has
1834 742 1943 774 Literas
1960 746 2067 779 nostras
2084 749 2143 780 fieri
2161 751 2231 782 feci-

1169 789 1233 809 mus
1277 788 1389 810 atentes.

1204 817 1295 862 Teste
1315 817 1421 862 meipso
1435 817 1508 855 apud
1526 816 1802 858 Wstmonasterium,
1822 818 1946 851 secundo
1961 820 2007 852 die
2021 822 2131 862 Aprilis
2147 824 2233 857 Anno

1169 856 1268 897 Regni
1283 857 1373 887 nostri
1388 866 1502 895 quarto.

1203 934 1353 974 Confimles
1376 938 1490 964 Literas
1510 933 1752 974 Dispenfirtiomem
1770 933 1808 970 ὠ
1829 934 2071 976 Confirmati'onum
2090 941 2194 973 habent

1366 972 1699 1014 Perfimesubfiripteficb
1716 974 1830 1013 diversis
1849 978 1952 1013 Datis,
1971 979 2034 1006 viz.

1206 1049 1355 1087 Johannes
1371 1053 1479 1090 Drope,
1498 1050 1527 1081 S.
1546 1051 1585 1081 T.
1604 1050 1634 1081 Β.
1656 1059 1687 1082 ut
1705 1062 1759 1083 una
1775 1055 1845 1081 curn
1858 1049 1996 1083 Recioria
2011 1052 2136 1086 Ecclesie
2151 1056 2238 1090 Paro-

1169 1087 1267 1131 chialis
1282 1088 1318 1118 de
1334 1090 1461 1124 Norbury
1478 1089 1607 1120 Diocesis
1620 1089 1822 1130 eoventriensz's
1840 1088 1878 1124 ὠ·
1895 1091 2051 1131 Lichenfis,
2069 1096 2166 1131 (quam
2179 1098 2238 1133 jam

1168 1128 1293 1168 obtinet)
1306 1127 1474 1157 Rec‘toriam
1492 1128 1618 1158 Ecclesie
1627 1129 1800 1159 Parochialis
1814 1129 1849 1159 de
1859 1131 2007 1169 Grendon,
2027 1133 2152 1170 ejusdem
2165 1134 2241 1165 Dio-

1171 1168 1238 1194 celis
1250 1165 1351 1201 (modo
1368 1176 1426 1195 non
1444 1165 1526 1198 distet
1539 1178 1553 1198 a
1570 1170 1656 1206 priori
1672 1168 1743 1198 ultra
1761 1168 1863 1206 viginti
1874 1167 2020 1205 Milliaria)
2037 1172 2161 1208 recipere
2175 1182 2240 1210 pos*

1172 1203 1222 1242 sit,
1241 1204 1274 1233 &
1291 1203 1385 1242 quoad
1404 1205 1507 1235 vixerit
1523 1208 1653 1238 retinere.
1672 1206 1738 1237 Dat’
1756 1207 1838 1236 tertio
1852 1207 1899 1236 die
1916 1207 2023 1239 Mensis
2038 1210 2163 1250 Aprilis,
2182 1214 2244 1243 An-

1172 1251 1214 1272 no
1230 1241 1356 1272 Domini
1378 1243 1464 1279 1628,
1483 1243 1517 1273 &
1537 1245 1740 1276 Transsationis
1759 1244 1849 1274 Anno
1869 1254 1914 1283 17.

1177 1279 1412 1358 Asspsssnrmatio.
1429 1281 1519 1313 Teste
1546 1284 1630 1323 Rege
1644 1284 1723 1328 'apud
1742 1282 2002 1323 Westmonasterium
2016 1308 2026 1324 ‚
2054 1287 2174 1326 septimo
2197 1289 2243 1322 die

1211 1396 1327 1439 Gabriel
1342 1398 1447 1437 Pmry,
1468 1398 1617 1436 Clericus,
1638 1399 1717 1429 S.T.
1728 1398 1760 1428 B.
1779 1406 1810 1429 ut
1827 1409 1884 1430 una
1899 1409 1968 1430 curn
1982 1400 2009 1430 V
2011 1403 2095 1437 icaria
2111 1414 2248 1443 perpetua

1174 1434 1299 1466 Ecclesie
1313 1435 1484 1467 Parochialis
1499 1437 1535 1468 de
1553 1437 1705 1475 Abcrgeley
1719 1437 1851 1468 Diocesis
1866 1437 2058 1480 Affaphenfis,
2074 1444 2171 1480 (quam
2183 1446 2245 1482 jam

1175 1474 1298 1510 obtinet)
1321 1474 1490 1505 Reetorram
1509 1475 1637 1507 Ecclelie
1653 1476 1825 1507 parochialis
1850 1477 1886 1508 de
1910 1477 2098 1518 Llanhychan
2115 1481 2248 1513 Diocesis

1175 1513 1370 1557 Rangorefnfis,
1390 1514 1494 1551 (modo
1514 1524 1573 1545 non
1589 1516 1672 1546 distet
1686 1525 1701 1545 a
1715 1514 1826 1545 Vicaria
1839 1515 1961 1554 predicta
1985 1521 2054 1549 ultra
2074 1521 2247 1555 quatuorde-

1177 1561 1236 1581 cim
1254 1551 1396 1595 Milliaria)
1420 1555 1545 1591 recipere
1562 1554 1664 1591 possit,
1675 1555 1706 1584 &
1723 1555 1815 1592 quoad
1831 1555 1934 1585 vixerit
1949 1557 2074 1588 retinere.
2085 1558 2151 1590 Dat.
2166 1561 2247 1591 offia-

1177 1600 1217 1621 vo
1232 1590 1278 1620 die
1293 1590 1402 1620 Mensis
1417 1591 1525 1630 Aprilis
1544 1592 1631 1623 Anno
1651 1593 1775 1623 Domini
1799 1593 1887 1632 1621,
1905 1594 1938 1624 &
1954 1594 2159 1629 Transsationis
2181 1599 2247 1631 An-

1178 1638 1218 1658 no
1241 1638 1285 1667 17.

1180 1666 1421 1745 Alfignfirmatio.
1441 1668 1529 1701 Teste
1552 1669 1636 1710 Rege
1662 1670 1736 1709 apud
1760 1669 2020 1711 westmonasterium
2038 1696 2047 1712 ,
2073 1673 2179 1706 odtavo
2200 1676 2246 1708 die

1246 1718 1255 1736 l
1268 1717 1300 1736 15.

1218 1786 1347 1817 Adamas
1363 1791 1471 1827 Airay,
1492 1786 1770 1826 Clericus,S.T.B.
1787 1796 1817 1818 ut
1834 1798 1889 1819 una
1907 1799 1975 1819 cum
1989 1789 2127 1821 Restm-ia
2143 1791 2251 1823 Eccle-

1183 1824 1219 1854 ᾖε
1235 1826 1406 1857 parochialis
1426 1828 1461 1857 de
1476 1827 1560 1866 okely
1576 1826 1706 1857 Diocesis
1724 1829 1766 1856 W
1767 1827 1923 1866 intonienszs
1940 1829 2036 1865 (quam
2048 1830 2107 1866 jam
2124 1831 2249 1868 obtinet)

1184 1862 1328 1896 Vicariam
1346 1865 1472 1896 Ecclesie
1490 1866 1662 1896 Parochialis
1674 1865 1711 1895 de
1725 1864 1864 1904 Sparfhott
1874 1888 1889 1909 ⁷.
1901 1866 2024 1903 ejusdem
2035 1867 2163 1900 Diocesis
2172 1874 2252 1906 (mo-

1183 1907 1223 1938 do
1238 1914 1297 1934 non
1310 1904 1392 1934 distet
1407 1915 1422 1934 a
1437 1904 1578 1934 Rectoria
1596 1904 1722 1941 predicta
1740 1905 1808 1934 ultra
1830 1905 1935 1943 viginti
1956 1900 2100 1941 Milliaria)
2126 1910 2251 1944 recipere

1183 1945 1269 1984 possit
1292 1946 1325 1976 &
1349 1943 1442 1980 quoad
1465 1943 1565 1973 vixerit
1586 1944 1714 1973 retinere.
1735 1941 1805 1973 Dat'
1828 1943 1964 1973 vicesimo
1980 1953 2063 1975 nono
2079 1945 2124 1976 die
2143 1945 2253 1978 Mensis

1185 1983 1292 2023 Aprilis
1307 1983 1395 2012 Anno
1409 1981 1532 2012 Domini
1548 1981 1623 2011 1628
1633 2004 1642 2020 ,
1657 1982 1690 2012 &
1705 1980 1912 2011 Transsationis
1927 1981 2017 2013 Anno
2037 1983 2082 2014 18.

1221 2020 1426 2092 Cdonfirrnatlio.
1442 2020 1533 2051 Teste
1549 2019 1633 2059 Rege
1650 2020 1724 2058 apud
1741 2019 2004 2058 Westmonasterium
2017 2044 2029 2059 2
2048 2021 2186 2054 vicesimo
2198 2033 2253 2061 noff

1185 2072 1225 2093 no
1258 2062 1285 2092 ie
1302 2062 1377 2098 Apri
1388 2061 1420 2090 is.

1223 2141 1372 2180 Gerentiur
1387 2137 1486 2176 James
1499 2160 1509 2176 ‚
1534 2130 1665 2169 Clericus
1681 2161 1690 2175 ,
1707 2134 1745 2167 A.
1765 2133 1811 2167 M.
1831 2145 1945 2168 necnon
1962 2137 2131 2177 Capelianus
2145 2138 2255 2172 Hono-

1187 2178 1266 2210 randi
1288 2179 1341 2208 viri
1360 2176 1491 2207 Richardi
1515 2176 1640 2207 Domini
1660 2179 1754 2206 Dacre
1774 2176 1810 2206 de
1832 2175 2063 2216 Herstmonfi’ux,
2081 2188 2113 2210 ut
2127 2189 2254 2210 unacum

1186 2218 1325 2248 Rectoria
1349 2215 1476 2259 Ecctlesie
1501 2214 1674 2259 Parochialis
1695 2215 1742 2258 de·
1755 2213 1947 2255 Paulersperry
1965 2216 2096 2248 Diocefis
2112 2219 2257 2258 Petrihur'j

1184 2256 1270 2324 3⁶⁷7ss
1291 2253 2259 2329 s-3?33¹11³13‘?02?s52¹³53055331?siles?¹esszri'31‘33hizsisseffl'i:

1185 2295 1421 2369 iciZ'riaiel-ecipere
1443 2330 1528 2368 possit
1549 2331 1583 2361 &
1605 2331 1698 2368 quoad
1719 2332 1819 2361 vixerit
1839 2302 1967 2361 retinere.
1986 2331 2055 2363 Dat.
2074 2333 2196 2371 septimo
2210 2334 2256 2365 die

1187 2371 1297 2404 Mensis
1313 2373 1388 2400 Maii
1403 2369 1493 2399 Anno
1509 2368 1632 2399 Domini
1655 2370 1749 2408 1628,
1765 2371 1799 2401 &
1814 2369 2020 2400 Transsationis
2038 2371 2127 2402 Anno
2150 2373 2197 2404 18.

1190 2409 1430 2480 Mgpnfirmatio.
1456 2406 1546 2439 Teste
1567 2407 1651 2447 Rege
1678 2409 1753 2446 apud
1779 2408 2034 2447 nkstmonasterium
2049 2433 2059 2449 ‚
2083 2410 2190 2443 ottavo
2213 2410 2259 2442 die

1227 2526 1383 2565 Franciftus
1398 2525 1494 2555 Strode
1509 2548 1518 2563 ,
1536 2520 1667 2555 Clericus
1680 2548 1689 2562 ,
1710 2524 1747 2555 Α.
1769 2523 1814 2555 Μ.
1834 2534 1949 2557 necnon
1967 2520 2136 2565 Capellaniis
2148 2520 2256 2560 Hono—

1190 2567 1270 2597 randi
1286 2565 1348 2596 Viri
1365 2564 1505 2594 Edwardi
1519 2563 1646 2594 Domini
1654 2565 1788 2593 Howard
1802 2563 1915 2595 Baronis
1929 2565 1966 2595 de
1981 2568 1997 2584 ’ὅ
2008 2565 2119 2605 Escrick
2130 2591 2138 2605 ,
2154 2577 2185 2598 ut
2200 2578 2253 2599 una
2273 2563 2293 2584 ¹*
2308 2561 2392 2598 XIX?

1189 2615 1257 2636 cum
1279 2603 1390 2634 Vicaria
1410 2610 1540 2640 perpetua
1564 2602 1689 2632 Ecclesie
1713 2601 1885 2633 Parochialis
1908 2604 1944 2633 de
1964 2607 2095 2642 Teington
2117 2606 2254 2644 Episcopi
2272 2604 2318 2642 56·

1188 2653 1258 2674 curn
1275 2641 1390 2682 Capella
1405 2641 1440 2671 de
1460 2641 1531 2679 lsVesl
1544 2640 1722 2678 Teingmouth
1745 2641 1871 2679 annexes,
1890 2642 2020 2673 Diocelis
2035 2644 2194 2684 Exoniensis
2211 2646 2256 2683 (in

1191 2691 1278 2720 quam
1293 2681 1435 2711 institutus
1457 2679 1510 2715 est)
1532 2680 1700 2710 Reetonam
1720 2678 1846 2710 Ecclesie
1864 2680 2033 2711 parochialis
2047 2682 2082 2713 de
2100 2684 2215 2723 quford
2226 2695 2258 2715 e-

1190 2720 1298 2757 iusdem
1315 2719 1461 2756 Diocesis,
1482 2718 1586 2754 (modo
1602 2728 1663 2748 non
1677 2718 1761 2748 distet
1777 2729 1792 2749 a
1819 2717 1927 2750 Vicaria
1948 2720 2076 2758 prediita
2097 2723 2168 2754 ultra
2191 2733 2260 2760 qua-

1191 2768 1256 2790 tuor
1278 2757 1424 2793 Milliaria)
1440 2758 1565 2794 recipere
1575 2756 1676 2794 poffit,
1687 2758 1719 2788 ὃς
1734 2757 1826 2795 quoad
1843 2759 1941 2789 vixerit
1957 2756 2164 2791 retinere.Dat'
2178 2762 2260 2792 ocia-

1191 2807 1232 2829 vo
1248 2797 1294 2866 dig
1308 2796 1416 2827 Mensis
1431 2798 1527 2833 Maii,
1553 2795 1646 2826 Anno
1664 2794 1790 2826 Domini
1816 2797 1908 2835 1628,
1929 2797 1961 2828 &
1977 2798 2182 2830 Transsationis
2196 2800 2258 2830 An-

1194 2847 1234 2868 no
1254 2846 1267 2866 1
1295 2860 1300 2866 .

1231 2873 1440 2905 Confirmatio
1465 2871 1554 2904 Teste
1576 2872 1657 2911 Rege
1686 2872 1760 2911 apud
1791 2872 2075 2914 Westmonasterium,
2101 2884 2184 2908 nono
2212 2877 2260 2909 die

1193 2917 1280 2944 Maii.

1228 2991 1393 3021 Edmundus
1411 2992 1564 3019 Fountaine
1580 2989 1644 3019 alias
1663 2989 1764 3027 Wod,
1783 2988 1932 3027 Clericus,
1949 2989 1983 3020 A.
2005 2990 2052 3022 M.
2067 2997 2183 3023 necnon
2199 2992 2259 3024 Ca-

1191 3030 1314 3067 pellanus
1328 3029 1478 3069 prenobilis
1494 3029 1546 3056 viri
1558 3027 1696 3057 Edwardi
1712 3026 1839 3059 Comitis
1855 3029 2059 3070 Bathonienfis,
2069 3040 2100 3062 ut
2118 3042 2170 3062 una
2187 3042 2257 3066 cum

1195 3068 1336 3099 Re&oria
1355 3066 1482 3097 Ecclesie
1506 3066 1679 3097 Parocliialis
1701 3066 1736 3097 de
1760 3068 1923 3097 Paracomhe
1949 3068 2081 3100 Diocesis
2097 3071 2259 3108 Exonienfir

1195 3108 1294 3145 (quam
1310 3107 1370 3144 jam
1391 3104 1513 3141 obtinet)
1537 3104 1705 3135 Recstoriam
1726 3104 1854 3136 Ecclesie
1880 3106 2051 3137 parochialis
2065 3108 2100 3139 de
2117 3109 2258 3138 Parklmm

1192 3145 1316 3184 ejusdem
1335 3143 1464 3175 Diocesis
1478 3143 1584 3178 (modo
1596 3153 1654 3173 non
1669 3142 1751 3173 distet
1774 3154 1788 3174 a
1804 3146 1891 3182 priori
1911 3145 1980 3175 ultra
1994 3147 2095 3185 viginti
2110 3147 2252 3183 Milliaria)

1191 3185 1316 3220 recipere
1334 3182 1420 3220 possit
1438 3205 1447 3219 ‚
1472 3182 1505 3212 &
1520 3182 1613 3219 quoad
1632 3183 1734 3213 viverit
1749 3183 1877 3213 retinere.
1898 3183 1968 3214 Dat'
1986 3194 2065 3215 nono
2080 3185 2124 3214 die
2140 3184 2253 3215 Mensis

1191 3225 1283 3260 Maii,
1303 3221 1390 3252 Anno
1410 3220 1535 3251 Domini
1559 3220 1634 3251 1628
1645 3244 1654 3259 ,
1669 3222 1703 3251 δε
1716 3221 1920 3252 Translationis
1937 3224 2023 3252 Anno
2042 3224 2086 3253 18.

1227 3260 1430 3291 Confirmatio.
1449 3250 1540 3290 Teste
1562 3258 1645 3299 Rege
1665 3258 1739 3298 apud
1767 3259 2026 3301 Westmonasterium
2041 3285 2050 3299 ,
2075 3260 2192 3292 decimo
2206 3260 2253 3294 die

1191 3303 1276 3330 Maii.

1225 3376 1373 3416 Johanm’s
1391 3374 1514 3415 Lively,
1535 3374 1682 3413 Clericus,
1702 3375 1730 3406 S.
1749 3375 1790 3407 T.
1811 3376 1842 3407 B.
1863 3384 1894 3407 ut
1910 3384 1964 3406 una
1982 3383 2049 3406 cum
2065 3371 2176 3408 Vicaria
2192 3373 2253 3410 Ec-

1188 3416 1268 3447 clelie
1285 3415 1455 3446 Parocliialis
1470 3416 1505 3444 de
1519 3413 1643 3444 Kellowe
1663 3414 1795 3445 Diocesis
1809 3413 1994 3452 Dunclmenfis
2013 3415 2110 3452 (quam
2121 3417 2179 3454 jam
2195 3418 2252 3447 ob&⁵

1188 3456 1272 3490 tinet)
1292 3454 1433 3484 Vicariam
1446 3462 1609 3491 perpetuam
1625 3452 1751 3484 Ecclesie
1767 3450 1936 3483 parochialis
1952 3454 1987 3481 de
2003 3453 2158 3494 Gainsfhrd
2176 3455 2251 3493 ejusa

1188 3493 1254 3523 dem
1271 3491 1402 3522 Diocesis
1419 3493 1523 3528 (modo
1537 3491 1595 3520 don
1613 3491 1694 3521 distet
1710 3501 1724 3520 a
1740 3493 1827 3529 priori
1848 3492 1918 3520 ultra
1939 3491 2085 3522 sexdecem
2104 3490 2250 3529 Milliaria)

1189 3530 1416 3600 fflcipprelpqosfit
1434 3532 1500 3597 ,Αὸε
1519 3529 1876 3598 qt113t>adyirer6itgetingrel3
1892 3528 1960 3596 Daht’
1977 3529 2093 3599 decimlp
2107 3532 2183 3562 sexro
2201 3532 2249 3563 die

1226 3579 1426 3676 ἓέὖεῇῑλῐῧῗιιῑέἆ.
1447 3578 1535 3638 „Effe
1548 3576 2155 3646 306ἕέιὲρίιά..Μῖζβῖιιοφιιζῗῖῗνὶῗιίνΐῗι’(ςίεεὶηῐὲἒ
2165 3571 2250 3647 stlegtiw

1189 3657 1240 3677 ΓΠΟ
1283 3656 1309 3675 le
1361 3657 1407 3675 all.

1228 3721 1381 3761 Franciscm
1396 3720 1644 3760 fininiffgborowe,
1667 3719 1810 3758 Clericus,
1831 3718 1865 3751 Α.
1886 3719 1933 3751 M.
1953 3730 2067 3753 necnon
2083 3721 2253 3761 Capellanus

1188 3761 1346 3792 Prenobilis
1362 3762 1414 3791 viri
1424 3764 1536 3789 Hmriri
1550 3761 1673 3790 Comitis
1687 3759 1844 3797 Stnmfora',
1865 3769 1894 3790 ut
1910 3770 1964 3789 una
1978 3770 2045 3790 cum
2060 3761 2171 3794 Vicaria
2186 3773 2251 3802 per..

1192 3809 1276 3838 petua
1294 3799 1420 3830 Ecclelie
1439 3799 1604 3828 parochialis
1620 3799 1654 3828 de
1674 3801 1718 3827 He
1737 3799 1784 3827 dor
1802 3799 1863 3827 alias
1891 3799 2012 3838 Heythcr
2030 3799 2160 3837 Diocesis
2178 3804 2253 3833 Li'n.⁸

1192 3838 1327 3876 colnienfis
1349 3839 1448 3874 (quam
1470 3839 1526 3873 jain
1548 3837 1673 3871 obtinet)
1697 3810 1863 3876 Ryec‘toriam
1882 3834 2006 3867 Ecclesie
2028 3838 2200 3871 Parocliialis
2216 3842 2253 3874 de

1193 3876 1354 3916 ,Millesfhrd
1366 3877 1428 3905 alias
1442 3873 1577 3912 lllrlsford
1596 3875 1718 3911 ejusdem
1737 3874 1863 3904 Diocei'is
1877 3876 1978 3910 (niodo
1996 3887 2055 3906 nori
2068 3878 2148 3910 distet
2166 3889 2181 3910 a
2202 3878 2256 3910 Vi·-

1193 3917 1265 3946 caria
1280 3914 1402 3952 predicta
1417 3914 1488 3943 ultra
1501 3915 1559 3942 duo
1575 3912 1716 3945 Milliaria)
1733 3914 1856 3951 recipcre
1875 3914 1976 3952 ponit,
1995 3916 2028 3946 ὃς
2043 3918 2137 3953 quoad
2152 3920 2255 3951 vixerit

1194 3956 1322 3985 retinere.
1341 3952 1408 3982 Dit’
1417 3952 1534 3982 decimo
1545 3951 1620 3980 sexu)
1635 3951 1679 3981 die
1697 3950 1806 3981 Mensis
1815 3955 1909 3990 Maii,
1926 3953 2014 3983 Anno
2023 3953 2148 3987 Domini
2161 3959 2256 3995 1628,

1194 3995 1227 4024 Sc
1242 3990 1444 4021 Transsationis
1461 3991 1547 4019 Anno
1569 3989 1613 4017 18.

1230 4029 1432 4060 Confirmatio.
1448 4027 1538 4060 Teste
1552 4027 1634 4066 Rege
1650 4026 1725 4065 apud
1744 4027 2001 4068 Westmonasterim
2017 4053 2026 4069 ,
2045 4032 2161 4065 decimo
2178 4034 2259 4072 septi„

1198 4079 1249 4100 mo
1264 4069 1310 4100 die
1326 4070 1407 4097 Maii.
1722 4104 1729 4109 Ἴ

1707 4104 1731 4135 Β
2214 4111 2263 4149 Jo.
