2536 4255
78 180 155 213 Arm.
170 177 211 208 D.

100 219 186 256 1625.

80 261 132 285 An.
156 267 180 284 1.

81 296 144 324 Car.
157 305 179 323 i.

78 1440 215 1469 ‘XVHL

114 1479 177 1508 281.

80 3291 159 3323 'Arm
170 3287 215 3320 D.

105 3330 190 3366 1625.

83 3371 138 3396 An.
160 3376 183 3394 i.

84 3409 150 3433 Car.
163 3414 186 3431 ι.

83 3446 145 3472 J’at.
162 3452 171 3468 i
180 3463 186 3469 .

89 3484 154 3508 Car.
166 3485 222 3516 i.p.

89 3526 206 3552 7.n.20.

224 93 303 145 198

223 174 426 255 ffiessiiigaffiffii
433 196 537 242 ’summi
549 207 706 239 Camerarii
719 206 806 237 nostri
820 205 924 236 officio
937 205 1064 245 singulari
1086 204 1156 236 Fide
1173 203 1204 234 &
1223 201 1281 231 Di—

229 256 341 295 ligentia
355 247 646 289 fungebatur,nosque
658 247 686 276 in
696 245 858 284 Hispaniam
874 244 976 275 Itinere
991 242 1148 282 periculoso
1161 248 1279 283 promp-

232 302 259 325 te
275 294 307 323 ὃ(
322 290 463 324 alacriter,
479 286 560 317 Etate
579 295 648 316 tunc
661 284 859 322 proveffiore,
873 283 1062 322 consequutus
1075 282 1172 317 fuerit,
1186 277 1282 308 nobis-

230 341 284 370 que
300 327 536 366 impresentiarum
551 335 568 355 a
588 323 736 354 Cubiculis
749 322 895 361 generosus
909 322 1015 352 summa
1029 330 1100 351 curn
1121 317 1282 350 Observan-

230 366 452 405 ti'a,lntegritate
467 365 500 395 &
518 363 664 393 Fidelitate
678 363 707 391 in
721 361 857 391 omnibus
872 360 1015 390 inserviat:

266 405 364 436 Sciatis
378 404 461 443 igitur
476 402 554 440 quod
572 411 641 438 nos,
661 399 698 430 de
719 401 805 438 gratia
825 397 918 428 nostra
935 397 1069 436 speciali,
1105 404 1138 425 ac
1156 402 1191 437 eit
1204 399 1281 436 certa

227 443 350 476 Scientia
365 443 398 473 &
414 451 493 472 mero
508 440 598 470 Motu
613 438 728 474 nostris,
738 438 876 477 prefatum
891 436 1036 466 Robertum
1050 432 1282 477 Cary,'Militem‚

227 487 366 513 Baronem
377 485 448 517 Cary
462 480 498 509 de
512 481 682 517 Lepington,
696 477 730 507 ad
747 477 875 513 Statum,
890 474 1042 512 Gradum,
1057 472 1235 512 Dignitatem
1248 470 1281 499 &

227 521 386 552 Honorem
409 521 520 547 Comitis
534 518 566 546 de
580 514 923 553 Monmouth,ereximus,
940 512 1113 551 prefecimus
1128 510 1160 541 &
1175 518 1285 539 creaVi—

228 569 310 596 mus,
329 558 475 595 ipsumque
494 556 638 586 Robertum
657 557 786 584 Comitem
801 553 833 582 de
857 550 1018 581 Monmouth
1041 551 1174 587 erigimus
1188 570 1198 585 ,
1220 556 1284 585 pre-

227 597 340 628 ficimus
366 597 399 626 &
418 605 548 627 creamus
564 605 611 631 per
630 592 770 624 Presentes
784 615 793 629 ,
820 590 971 627 eidemque
990 589 1104 619 Roberto
1135 585 1258 616 Nomen
1275 607 1285 621 ,

229 636 362 674 Statum,
378 634 526 672 Gradum,
543 632 663 670 Stilum,
685 631 882 668 Dignitatem,
903 628 1036 658 Titulum
1056 628 1099 670 &¹
1113 625 1286 660 Honorem,

231 677 344 704 Comitis
357 673 390 703 de
406 670 635 709 Monmouth,irn
657 669 797 706 osuimus,
811 667 940 698 dedimus
955 667 988 698 ὃ(
1003 667 1178 704 prebuimus,
1188 671 1222 692 ac
1237 669 1287 700 per

228 711 373 743 Presentes
387 713 565 749 imponimus
585 733 594 746 ,
654 718 731 739 amus
746 708 778 737 ὃ(
795 707 962 743 prebemus,
979 714 1014 734 ac
1034 703 1125 746 ipsum
1140 701 1285 746 Robertum

228 751 392 789 hujusmodi
416 750 568 786 Nomine,
584 747 680 784 Statu,
697 745 814 781 Titu10,
829 743 950 787 Gradu,
972 742 1064 779 Stilo,
1086 741 1234 777 Dignitate
1252 739 1286 769 &

230 789 356 821 Honore
373 791 481 818 Comitis
497 788 529 816 αἰ»
546 784 710 815 Moumouth
723 795 771 822 per
785 781 880 812 Gladii
895 780 1071 818 cincturam,
1085 783 1155 817 Cape
1168 780 1286 820 Honoris

229 829 264 860 &
280 827 368 857 circuli
385 830 476 857 Aurei
491 826 724 865 impositionem,
741 822 923 859 insignimus,
940 819 1106 850 investimus
1125 827 1159 848 ac
1180 815 1286 847 realiter

228 868 412 898 nobilitamus
431 875 478 903 per
495 863 647 894 Presentes.
1199 895 1204 900 η

265 904 440 935 Habendum
456 903 488 934 &
508 898 828 937 tenendum,Nomen,
841 896 969 935 Statum,
990 894 1141 933 Gradum,
1163 893 1286 937 Stilurri,

227 941 423 984 Dignitatem,
438 941 569 972 Titulum
587 940 620 970 &
641 937 795 968 Honorem
816 938 925 965 Comitis
942 936 974 964 de
989 932 1170 971 Monmouth,
1193 932 1283 970 predi-

228 981 294 1020 ἃᾶ,
307 991 377 1013 cum
394 980 528 1011 omnibus
544 979 577 1009 &
596 977 706 1015 singulis
725 972 1287 1010 Preheminentiis,Honoribus,ceteris-

227 1029 283 1058 que
300 1019 459 1058 hujusmodi
472 1017 616 1054 Nomini,
629 1015 736 1052 Statui,
757 1012 866 1044 Gradui
876 1035 886 1050 ,
898 1011 970 1041 Stilo
980 1034 989 1049 ,
1006 1011 1166 1048 Dignitati,
1180 1009 1284 1040 Titulo

229 1060 263 1090 δε
280 1058 400 1090 Honori
415 1059 541 1093 Comitis,
576 1053 760 1085 ertinentibus
773 1051 828 1081 five
843 1050 1049 1088 spectantibus,
1062 1048 1172 1088 prefato
1186 1047 1288 1078 Rober-

227 1104 276 1134 to,
304 1098 338 1129 ὃς
354 1096 512 1127 Heredibus
532 1094 555 1124 lli
571 1092 668 1124 asculis
686 1092 722 1122 de
744 1089 878 1127 Corpore
893 1087 944 1119 suo
966 1088 1130 1119 exeuntibus
1144 1088 1289 1126 imperpe—

225 1143 319 1167 tuum.

265 1174 419 1213 volentes,
433 1174 465 1206 ὃς
480 1182 528 1210 per
539 1169 683 1203 Presentes
701 1167 892 1199 concedentes
906 1177 960 1207 pro
975 1166 1060 1197 nobis
1075 1164 1237 1197 Heredibus
1253 1164 1286 1207 ὃς

228 1211 443 1244 successoribus
465 1211 566 1241 nostris
586 1232 595 1248 ,
633 1208 712 1247 quod
736 1207 878 1245 predistus
901 1205 1032 1236 Robertus
1051 1206 1084 1237 ὃ(
1102 1203 1229 1234 Heredes
1244 1202 1286 1232 sui

229 1251 353 1282 Masculi
371 1250 506 1290 prediffl,
519 1246 778 1284 Nomen,Statum
787 1268 796 1282 ,
805 1244 1083 1282 Gradum,Stilum,
1094 1242 1287 1282 Dignitatem,

227 1288 364 1321 Titulum
381 1292 413 1321 &
433 1287 587 1319 Honorem
603 1285 765 1324 predicitum
779 1283 931 1314 successive
945 1291 1043 1320 gerant
1058 1283 1091 1312 &
1103 1281 1227 1312 habeant
1237 1280 1285 1316 ,&

228 1337 331 1359 eorum
352 1329 470 1366 quilibet
487 1333 566 1366 gerat
581 1325 614 1356 &
635 1324 751 1359 habeat,
767 1323 799 1353 ὃ(
815 1331 864 1359 per
878 1321 1003 1352 Nomen
1023 1324 1135 1351 Comitis
1148 1320 1180 1348 de
1200 1322 1286 1349 Mon-

228 1368 340 1404 mouth,
356 1365 482 1403 predi&a
495 1366 655 1395 vocitentur
669 1362 701 1392 &
719 1360 971 1397 nuncupentur,&
983 1369 1084 1390 eorum
1119 1359 1218 1388 uilibet
1232 1367 1286 1400 vo·-

228 1406 332 1436 citetur
348 1406 380 1435 &
402 1410 583 1441 nuncupetur
604 1413 613 1437 ς
652 1400 690 1430 Et
711 1399 788 1439 quod
811 1399 887 1428 idem
909 1398 1042 1428 Robertus
1056 1399 1089 1429 &
1138 1396 1231 1427 eredes
1246 1395 1286 1425 sui

230 1442 354 1474 Masculi
368 1441 489 1480 predicti
504 1440 657 1471 succeffive
672 1443 786 1468 Comites
800 1437 831 1467 de
845 1435 1007 1466 Monmouth
1025 1436 1054 1465 in
1064 1436 1200 1466 omnibus
1214 1433 1233 1453 *⁵
1246 1443 1287 1464 te—

227 1491 361 1520 neantur,
374 1481 408 1511 &
425 1488 455 1510 ut
471 1479 601 1509 Comites
615 1477 768 1508 tra&entur
784 1477 816 1506 &
832 1483 1012 1513 reputentur,
1028 1474 1062 1504 &
1083 1483 1185 1504 eorum
1202 1471 1285 1510 quili-

229 1521 276 1551 bet
290 1519 574 1556 teneatur,traetemr
589 1517 622 1547 &
640 1524 800 1553 reputetur,
813 1514 1007 1552 habeantque,
1021 1520 1134 1542 teneant
1149 1512 1182 1542 ὃς
1198 1509 1286 1550 polsi-

226 1559 310 1589 deant
324 1557 418 1588 dietus
434 1557 567 1587 Robertus
581 1556 614 1586 ὃς
631 1553 756 1584 Heredes
770 1552 810 1582 sui
826 1551 948 1582 Masculi
965 1550 1084 1588 predicti
1098 1573 1107 1587 ,
1126 1550 1160 1581 ὃ(
1180 1559 1286 1580 eorum

225 1597 345 1635 quilibet
364 1596 480 1634 habeat,
493 1602 583 1625 teneat
597 1594 628 1624 ὅ(
644 1589 924 1630 poffideat,Sedem,
940 1590 1056 1632 Locum
1074 1589 1108 1619 &
1124 1589 1238 1619 Vocem
1254 1589 1284 1618 in

226 1635 422 1666 Parliamentis
436 1635 469 1666 ὃς
483 1633 603 1671 publicis
617 1631 755 1661 Comitiis
768 1638 853 1668 atque
868 1628 1001 1659 Consiliis
1021 1626 1122 1657 nostris
1137 1626 1285 1657 Heredum

226 1675 260 1706 &
281 1674 483 1705 Successorum
499 1670 663 1701 nostrorum
678 1668 751 1699 infra
765 1667 900 1705 Regnum
914 1665 1045 1697 nostrum
1062 1665 1164 1702 Anglie
1178 1689 1188 1704 ,
1214 1667 1286 1695 inter

224 1713 293 1744 alios
314 1711 463 1747 Comites,
480 1719 510 1741 ut
525 1713 614 1739 Comes
627 1708 659 1737 de
674 1705 854 1744 Monmouth,
868 1716 983 1736 necnon
998 1705 1090 1734 didius
1106 1704 1236 1734 Robertus
1252 1704 1285 1734 &

225 1750 355 1782 Heredes
373 1751 413 1781 sui
429 1749 555 1781 Masculi
569 1746 689 1785 predicti
705 1744 845 1781 gaudeant
859 1744 892 1775 &
907 1753 1036 1780 utantur,
1058 1743 1090 1773 &
1106 1752 1206 1773 eorum
1224 1743 1287 1780 qui-

225 1789 297 1821 libet
308 1789 427 1829 gaudeat
442 1790 476 1820 &
491 1795 582 1818 utatur
592 1808 601 1824 ,
622 1794 672 1822 per
689 1783 814 1814 Nomen
829 1785 938 1813 Comitis
952 1783 984 1811 de
1001 1781 1287 1820 Monmouth,omni-

227 1829 282 1860 bus
296 1830 330 1860 &
345 1827 459 1865 singulis
469 1826 602 1864 juribus,
617 1823 792 1861 Privilegiis,
810 1821 1043 1852 Preheminentiis
1060 1822 1094 1852 &
1111 1819 1286 1850 immunita-

227 1867 323 1905 tibus,
337 1866 443 1903 Statui,
457 1864 574 1895 Honori
593 1864 626 1893 &
645 1861 785 1900 Dignitati
801 1859 926 1890 Comitis
941 1860 970 1889 in
984 1860 1118 1889 omnibus
1133 1859 1186 1889 rite
1202 1860 1235 1890 &
1250 1858 1287 1888 de

222 1905 294 1945 Jure
312 1904 533 1943 pertinentibus,
549 1901 649 1939 quibus
664 1900 749 1930 ceteri
766 1898 896 1928 Comites
916 1897 988 1928 disti
1005 1898 1099 1936 Regni
1114 1896 1203 1927 nostri
1218 1900 1285 1926 An-

223 1944 296 1983 gae,
310 1952 376 1974 ante
391 1943 445 1972 hec
459 1950 587 1978 tempora
602 1937 889 1975 melius,dece1itius,
904 1935 1136 1966 honorificentius
1153 1936 1186 1967 δε
1203 1936 1284 1974 quie-

225 1984 280 2015 tius
294 1983 332 2013 usi
345 1982 408 2012 sunt
425 1981 457 2011 &
474 1979 576 2018 gavisi,
590 1977 636 2008 seu
651 1977 680 2006 in
697 1975 819 2006 Presenti
832 1975 955 2014 gaudent
973 1975 1007 2005 ὅ(
1023 1984 1152 2005 utuntur:

266 2021 306 2052 Et
321 2022 388 2058 quia
404 2018 547 2049 crescente
561 2016 655 2047 Status
674 2014 803 2044 Honoris
817 2016 850 2045 ὃς
867 2014 1023 2052 Dignitatis
1039 2012 1286 2051 Celsitudineme-

229 2060 348 2091 cessario
365 2056 497 2089 crescunt
509 2056 633 2092 sumptus
646 2054 680 2084 &
697 2053 795 2084 Onera
809 2053 977 2091 grandiora,
997 2053 1030 2083 &
1044 2060 1073 2082 ut
1085 2052 1163 2081 idem
1183 2051 1286 2081 Rober-

225 2105 271 2129 tus
286 2099 319 2129 &
335 2096 462 2127 Heredes
477 2095 515 2125 sui
532 2092 655 2124 Masculi
674 2091 792 2129 predicii
816 2091 912 2122 melius
932 2091 1078 2120 decentius
1092 2091 1124 2120 ὃς
1148 2089 1286 2120 honorifi-

224 2138 334 2169 centius
353 2135 464 2165 Statum
479 2133 636 2164 Honorem
650 2131 683 2162 &
696 2129 875 2168 Dignitatem
892 2129 1010 2166 predic'ii
1024 2132 1132 2158 Comitis
1146 2129 1177 2158 de
1200 2131 1285 2158 Mon-

224 2175 335 2213 mouth,
354 2184 387 2204 ac
404 2172 503 2203 Onera
518 2171 568 2209 ipsi
585 2170 703 2200 Roherto
720 2170 753 2199 ὃς
779 2167 936 2198 Heredibus
959 2167 1011 2197 suis
1038 2166 1173 2197 Masculis
1193 2167 1285 2205 predi-

224 2215 277 2245 <Stis
292 2212 495 2244 Incumbentia
510 2216 693 2240 manutenere
709 2208 743 2238 ὃς
759 2206 920 2244 supportare
934 2205 1060 2243 valeant,
1070 2207 1103 2236 ὃς
1114 2216 1215 2236 eorum
1225 2206 1286 2243 qui-

222 2254 294 2284 libet
312 2251 421 2288 valeat,
440 2249 522 2287 ideo,
541 2248 576 2278 de
590 2247 715 2277 uberiori
727 2245 827 2275 Gratia
843 2244 954 2282 nostra,
974 2244 1101 2275 dedimus
1115 2245 1147 2274 δε
1169 2243 1286 2274 conces-

227 2292 327 2328 simus,
345 2300 378 2321 ac
396 2299 444 2327 per
462 2287 600 2318 Presentes
614 2294 666 2323 pro
683 2285 767 2315 nobis
783 2283 944 2313 Heredibus
958 2284 991 2314 &
1008 2283 1223 2313 Succesioribus
1233 2292 1286 2312 no-

226 2329 287 2361 stris
302 2329 401 2360 damus
415 2328 448 2358 &
465 2322 787 2362 concedimus,prefato
803 2322 959 2353 Roberto&
969 2320 1130 2352 Heredibus
1145 2322 1195 2351 suis
1204 2320 1285 2351 Mas-

224 2369 295 2399 culis
324 2367 455 2404 prediffls
476 2367 686 2402 imperpetuum
708 2360 837 2391 Feodum
865 2360 921 2390 live
950 2360 1100 2390 annualem
1123 2358 1285 2390 Redditum

224 2410 327 2443 viginti
341 2405 489 2435 Librarum
504 2403 596 2441 legalis
619 2400 742 2431 Monere
763 2398 870 2436 Anglie
893 2408 942 2436 per
965 2398 1101 2436 Annum,
1120 2398 1283 2439 habendum

227 2445 261 2475 &
276 2443 489 2483 percipiendum
508 2440 652 2472 annuatim
670 2438 781 2469 dietum
796 2437 927 2468 Feodum
939 2437 995 2467 sive
1009 2437 1156 2467 annualem
1174 2436 1282 2466 Reddi-

226 2492 289 2513 tum
311 2485 411 2520 viginti
431 2480 584 2511 Librarum
606 2477 700 2509 eidem
722 2475 834 2506 Roherto
856 2476 889 2505 ὃς
904 2474 1068 2506 Heredibus
1079 2475 1133 2505 suis
1152 2475 1284 2505 Masculis

224 2521 372 2559 predictis,
390 2519 423 2550 ad
439 2520 600 2555 Recepi-ain
614 2515 755 2547 Scaccarii
770 2513 860 2544 nostri
872 2513 1024 2544 Heredum
1038 2513 1281 2545 &Succefforum

225 2559 409 2598 nostrorum,
425 2568 472 2595 per
487 2556 592 2586 Manus
606 2553 783 2586 Thesaurarii
793 2575 801 2590 ‚
813 2551 1034 2583 Subthesaurarii
1050 2554 1084 2584 &
1098 2551 1282 2582 Camerario-

228 2608 293 2628 rum
309 2597 473 2627 nostrorum
488 2595 596 2624 ibidem
613 2603 665 2630 pro
683 2601 814 2629 tempore
827 2591 1007 2621 existentium
1018 2613 1027 2628 ,
1042 2591 1076 2621 ad
1091 2590 1115 2620 F
1116 2591 1173 2622 esta
1181 2591 1281 2631 Pasche

225 2637 259 2668 &
274 2636 370 2666 Saum
384 2632 529 2664 Michaelis
545 2630 714 2668 Archangeli
735 2640 782 2675 per
796 2629 907 2666 equales
919 2629 1088 2666 Portiones,

261 2674 404 2706 Volumus
417 2673 521 2709 etiam,
537 2672 598 2702 &c.
615 2669 716 2707 absque
728 2669 796 2698 bine
809 2668 839 2698 in
853 2667 1035 2706 Haiiaperio,
1053 2669 1115 2700 διε.

262 2751 309 2783 Eo
326 2750 405 2790 quod
428 2747 551 2787 expressa
567 2746 696 2784 mentio,
713 2745 774 2777 δίε.

261 2829 295 2860 In
314 2828 395 2867 cujus
410 2828 468 2865 rei,
487 2827 548 2858 &c.

264 2903 354 2935 Teste
373 2904 459 2943 Rege
478 2902 554 2942 apud
571 2899 849 2943 westmonasterium,
867 2904 960 2942 quinto
980 2900 1023 2931 a'i'e
1036 2900 1184 2932 Februarii.

908 2984 961 3012 Per
977 2982 1060 3022 t'pfism
1074 2984 1179 3020 Regem.

228 3156 280 3190 Dc
303 3150 479 3197 Conceffione
492 3148 552 3196 fibi
575 3153 611 3189 ὠ*
637 3146 806 3184 Heredibus
820 3146 932 3180 Thome
952 3149 1084 3182 Domino
1099 3147 1283 3183 Wntworth

438 3200 475 3234 de
501 3202 656 3246 Dignitare
682 3200 805 3230 Comitis
827 3195 864 3229 de
888 3195 1062 3230 Cleveland.

303 3290 363 3321 EX
373 3314 383 3329 ,
398 3292 459 3323 &c.
496 3287 644 3319 Omnibus
659 3286 691 3317 δε
707 3284 817 3323 singulis
824 3284 1052 3328 Archiepiscopis
1061 3284 1194 3317 Ducibus
1202 3285 1284 3318 Mar—

318 3330 470 3359 chionibus
482 3326 651 3358 Comitibus
658 3324 885 3356 vicecomitibus
898 3323 1044 3360 Episcopis
1058 3323 1214 3357 Batonibus
1223 3325 1285 3356 Mi-

233 3369 331 3399 litibus
347 3368 496 3404 Prepositis
510 3365 604 3396 liberis
617 3363 810 3406 Hominibus,
835 3371 869 3392 ac
890 3361 1026 3392 omnibus
1047 3361 1203 3394 Officiarii's
1221 3363 1286 3395 Mi—

234 3407 326 3438 nistris
338 3408 372 3438 &
385 3405 507 3436 Subditis
522 3402 626 3435 nostris
641 3401 869 3440 quibuscunque,
888 3399 923 3430 ad
939 3407 1011 3437 quos
1024 3399 1167 3432 Presentes
1189 3402 1287 3434 Litere

232 3446 411 3484 pervenerint
421 3466 431 3482 ,
447 3443 581 3474 Salutem.
901 3477 917 3482 ..
1002 3476 1007 3481 .

272 3483 352 3514 Cum
366 3482 438 3512 nihil
453 3483 544 3518 magis
557 3480 590 3512 sit
604 3478 733 3519 Regium
742 3500 753 3516 ‚
769 3477 798 3507 in
810 3475 930 3508 Premiis
944 3474 1022 3506 Viris
1041 3477 1152 3513 optime
1175 3486 1287 3509 meren-

233 3522 306 3554 tibus
326 3520 542 3558 distribuendis,
567 3528 654 3557 quam
676 3527 741 3554 eos,
766 3517 815 3554 qui
837 3515 993 3545 Honorum
1007 3515 1146 3552 Apicibus
1165 3516 1285 3547 illustres

239 3561 301 3591 sunt
311 3561 361 3598 ,&
376 3568 436 3590 non
451 3559 546 3589 minus
553 3558 606 3588 suis
622 3555 780 3588 Virtutibus
792 3552 1051 3592 prestantes,quam
1068 3555 1211 3591 majorum
1218 3554 1288 3586 San-

238 3600 324 3636 guine
336 3597 418 3635 clari,
436 3595 579 3634 condigna
594 3594 749 3625 Honorum
761 3590 936 3629 accessione,
961 3600 1010 3627 pre
1025 3593 1144 3629 ceteris,
1168 3593 1289 3624 honora-

238 3646 286 3674 τες
303 3645 355 3666 nos
367 3635 523 3666 recolentes
535 3633 723 3674 prediieetum
737 3631 772 3662 &
788 3629 897 3660 fidelem
913 3629 1040 3659 nostrum
1055 3629 1183 3659 Thomam
1196 3635 1288 3661 Went-

236 3674 331 3704 worth
346 3673 490 3710 Militem,
509 3671 648 3703 Batonem
665 3666 842 3702 Wentworth
858 3668 894 3698 de
915 3666 1107 3707 Nettlestead,
1124 3677 1159 3698 ex
1179 3669 1288 3700 vetusta

236 3713 270 3744 ἐξ
284 3711 382 3749 insigni
399 3709 644 3740 Wentworthorum
659 3708 768 3740 familia
780 3707 936 3738 oriundum
950 3705 1025 3744 esse,
1044 3714 1136 3743 neque
1150 3705 1195 3737 sua
1214 3707 1289 3738 dun-

233 3759 307 3782 taxat
319 3748 424 3779 Pietate
440 3748 591 3786 Religione
606 3747 759 3778 Prudentia
770 3747 803 3777 &
813 3745 958 3775 Virtutum
970 3743 1101 3774 Cumulo
1112 3745 1204 3785 ipsum
1216 3747 1288 3776 emi-

235 3796 321 3825 nere,
338 3787 382 3816 sed
391 3788 472 3816 etiam
485 3787 614 3816 Thomam
627 3788 774 3815 Dominum
789 3782 980 3821 Wentwarth,
993 3783 1130 3812 Abavum
1144 3783 1220 3821 ejus,
1232 3784 1290 3815 Of.

236 3825 304 3858 ficio
321 3824 443 3854 Domini
458 3823 616 3855 Camerarii
631 3823 757 3861 Hospitii
766 3820 1077 3861 prepotentissimorum
1086 3820 1202 3860 Regum
1210 3823 1289 3853 Hen—

237 3867 286 3895 rici
299 3863 405 3892 oelavi
422 3862 454 3892 &
470 3862 610 3892 Edwardi
624 3865 701 3892 Sexti
716 3861 949 3892 Predecessorum
971 3858 1136 3889 nostrorum
1151 3860 1290 3891 honorifi-

233 3912 269 3934 ce
291 3901 423 3931 funetum
437 3900 510 3937 ess'e,
529 3902 685 3937 quinetiam
701 3899 830 3930 Thomam
843 3902 989 3929 Dominam
1002 3896 1180 3928 Wentworth
1189 3899 1288 3931 Avum

232 3941 292 3979 ejus
305 3941 333 3968 in
349 3936 496 3975 Angustus
510 3938 578 3975 illis,
597 3940 625 3967 in
641 3948 709 3975 quas
721 3947 786 3969 vere
802 3937 960 3975 Religionis
982 3935 1154 3967 Professores
1175 3938 1204 3967 in
1220 3937 1286 3970 Evo

227 3978 367 4019 superiori
386 3975 600 4016 redigebantur,
618 3985 715 4008 veram
737 3977 855 4008 interim
870 3975 1054 4015 Religionem
1076 3975 1109 4008 &
1124 3975 1286 4010 constanter

648 72 1439 126 CONVENTIONES,
1496 71 1896 120 LiTERAE,

457 173 563 203 Curam
579 169 724 206 habuerit,
739 167 772 199 &
788 166 851 206 post
867 166 1024 204 susceptum
1039 175 1055 196 a
1076 165 1160 197 nobis
1180 161 1280 194 Wallie
1321 162 1356 192 &
1372 160 1524 199 prudenter
1539 160 1674 197 coluisse,
1692 158 1784 196 ipsum
1797 157 1890 187 modo
1905 159 2050 187 Dominum
2073 159 2242 189 Wentworth
2264 159 2298 190 &
2319 169 2380 190 ma-
2394 153 2470 184 Ann.
2488 152 2536 186 D.-

1317 199 1418 237 jorum
1432 198 1591 238 Sanguine,
1605 197 1827 240 suisque-pariter
1840 195 1991 234 Moribus,
2007 195 2078 226 adeo
2093 196 2306 237 clarescentem,
2325 199 2378 229 sta-
2417 193 2506 230 1625.

1322 237 1425 268 ruimus
1437 237 1472 267 ad
1485 238 1613 267 altiorem
1628 235 1785 273 Dignitatis
1798 234 1929 265 Gradum
1944 234 2082 272 evehere,

2393 234 2445 258 Aa.
2471 241 2496 258 i.

1361 275 1462 306 Sciatis
1482 276 1565 314 igitur
1588 275 1666 313 quod
1684 283 1752 311 rios,
1774 273 1810 303 de
1825 272 1925 303 Gratia
1939 273 2033 303 nostra
2047 273 2176 313 speciali,
2199 285 2232 306 ac
2246 285 2280 307 ex
2297 283 2376 306 certa
2397 273 2496 298 Car-1·
2523 266 2526 268 v

1323 312 1446 344 Scientia
1461 314 1492 344 ὃς
1507 323 1587 343 mero
1603 313 1689 342 Motu
1707 311 1970 350 nostris,prefatum
1986 311 2113 341 Thomam
2130 315 2268 343 Baronem
2284 316 2381 343 Wnt-

1321 352 1415 381 worth
1443 352 1475 381 de
1496 351 1654 391 Nettlested
1667 352 1696 380 in
1721 352 1848 379 Comitem
1869 349 2018 380 Cliveland
2031 352 2060 380 in
2077 350 2230 381 Comitatu
2246 352 2381 390 Eborum‚

1322 400 1438 420 necnon
1454 389 1487 421 ad
1504 389 1615 420 Statum
1632 387 1764 419 Gradum
1783 388 1966 425 Dignitatem
1984 391 2017 421 &
2028 388 2184 419 Honorem
2199 393 2310 420 Comitis
2324 391 2382 420 Cli-

1323 428 1429 458 veland
1442 428 1566 466 predicite
1581 428 1719 459 ereximus
1734 428 1904 465 prefecimus
1919 429 1952 459 &
1967 427 2300 465 creavimus-,ipsumque
2311 429 2383 459 Tho-

1323 478 1394 496 mam
1416 470 1544 496 Comitem
1566 465 1714 496 Cliveland
1733 468 1752 485 ³*
1772 466 1912 503 prediete,
1932 476 2045 496 necnon
2059 467 2093 497 ad
2115 466 2228 497 Statum
2251 466 2383 497 Gradum

1325 505 1506 545 Dignitatem
1522 505 1555 535 &
1570 504 1722 535 Honorem
1740 507 1851 534 Comitis
1870 503 2018 534 Cliveland
2037 504 2178 544 predie'te,
2196 514 2296 536 tenore
2316 504 2384 536 Pre-

1325 544 1464 581 sentium,
1482 545 1620 580 erigimus
1638 541 1798 581 preficimus
1813 542 2015 573 constituimus
2029 545 2061 573 ὃς
2077 544 2384 582 creamus,eidemque

1325 582 1425 612 Thome
1448 582 1569 613 Nomen
1590 581 1692 612 Stilum
1710 580 1820 612 Statum
1843 580 1976 610 Gradum
2004 580 2184 620 Dignitatem
2198 583 2330 614 Titulum
2354 582 2388 612 ὃς

1326 621 1483 651 Honorem
1508 623 1621 650 Comitis
1642 619 1791 650 Cliveland
1807 619 1937 660 dedimus
1952 620 1984 649 δε
2001 622 2179 660 prebuimus,
2196 632 2229 652 ac
2254 632 2303 659 per
2316 622 2388 651 Pre-

1324 659 1412 690 sentes
1432 660 1530 690 damus
1552 661 1584 691 ὃς
1607 660 1774 696 prebemus,
1799 668 1832 688 ac
1858 658 1949 695 ipsum
1966 658 2095 687 Thomam
2116 660 2279 695 hujusmodi
2302 660 2385 690 Statu

1326 698 1430 728 Titulo
1444 696 1568 728 Honore
1582 697 1615 728 &
1633 697 1781 736 Dignitate
1798 700 1906 726 Comitis
1923 695 2086 734 Cliveland,
2106 694 2265 734 per'Gladii
2282 700 2386 728 cimsffu-

1325 747 1403 774 ram,
1422 739 1493 774 Cape
1509 738 1628 766 Honoris
1642 735 1680 770 ὠ·
1696 735 1795 765 Circuli
1810 738 1901 764 Aurei
1918 734 2108 774 lmpofitionem
2124 736 2289 773 insignimus
2305 738 2388 768 inve-

1326 774 1422 805 stimus
1435 776 1469 806 ὃς
1483 775 1592 806 realiter
1608 774 1792 805 nobilitamus
1805 783 1854 810 per
1870 773 2019 804 presentes.

1361 812 1538 843 Habendum
1556 815 1589 845 ὃς
1607 813 1762 843 tenendum
1785 811 1896 842 Statum
1916 811 2047 842 Gradum
2069 812 2251 851 Dignitatem
2278 813 2384 844 Stilum

1325 850 1456 882 Titulum
1477 851 1598 882 Nomen
1616 852 1648 881 δε
1668 851 1824 881 Honorem
1844 853 1955 879 Comitis
1973 850 2123 886 Clrvelaiid
2146 852 2290 892 predhste,
2315 862 2385 883 cum

1325 891 1463 921 omnibus
1481 891 1515 921 &
1534 889 1649 926 singulis
1666 889 1900 919 Preheminentiis
1918 888 2103 929 Honoribus,
2123 891 2273 929 ceterisque
2292 891 2387 929 hujus-

1327 929 1408 959 modi
1433 929 1522 959 Statui
1549 927 1662 958 Gradui
1688 927 1760 957 Stilo
1781 926 1924 966 Dignitati
1943 927 2049 958 Titulo
2067 929 2100 959 &
2125 928 2242 960 Honori
2262 929 2390 960 Comitis

1325 968 1532 1004 pertinentibus
1548 967 1603 997 five
1619 965 1824 1004 speetantibus‚
1843 966 1951 1002 prefato
1969 965 2065 996 Thome
2083 968 2115 998 &
2133 967 2297 999 Heredibus
2306 967 2388 999 Mas-

1325 1006 1393 1036 culis
1411 1006 1446 1037 de
1465 1005 1597 1042 Corpore
1615 1004 1664 1035 suo
1683 1004 1848 1035 exeuntibus
1866 1005 1907 1034 im
1929 1012 2086 1043 erpetuum.

1365 1044 1514 1081 Volentes,
1531 1053 1565 1074 ac
1581 1053 1629 1083 per
1644 1042 1789 1073 Presentes
1805 1051 1897 1071 conce
1919 1051 1996 1072 entes
2014 1065 2023 1079 ,
2047 1054 2100 1081 pro
2119 1046 2203 1075 nobis
2222 1044 2388 1076 Heredibus

1326 1084 1359 1114 δε
1376 1082 1591 1113 Succefforibus
1610 1080 1727 1119 nostris,
1746 1079 1824 1118 quod
1844 1079 1984 1117 predictus
1999 1080 2111 1112 Thomas
2135 1085 2168 1115 &
2194 1083 2324 1114 Heredes
2342 1084 2382 1114 sui

1330 1121 1455 1152 Masculi
1478 1120 1597 1159 prediffl
1616 1143 1625 1158 ,
1663 1119 1786 1150 Nomen
1805 1118 1909 1149 Stilum
1930 1116 2060 1149 Gradum
2079 1121 2257 1160 Dignitatem
2275 1122 2389 1154 Statum

1328 1160 1459 1190 Titulum
1478 1161 1510 1190 ὅ(
1534 1158 1690 1189 Honorem
1708 1157 1869 1195 predictum
1894 1156 2047 1187 succesfivc
2066 1168 2162 1195 gerant
2186 1161 2219 1191 &
2238 1162 2357 1192 habeant
2377 1183 2388 1199 ,

1327 1199 1360 1229 ὃς
1379 1209 1479 1229 eorum
1494 1198 1609 1235 quilibet
1629 1197 1751 1234 gerat&
1767 1196 1886 1233 habeat,
1906 1197 1938 1227 ὃς
1954 1205 2003 1233 per
2021 1195 2145 1228 Nomen
2169 1202 2280 1228 Comitis
2293 1200 2388 1230 Clive-

1328 1236 1400 1267 land
1409 1237 1558 1267 successive
1574 1237 1735 1267 vocitentur
1750 1236 1784 1266 &
1799 1243 1998 1271 nuncupentur
2008 1258 2017 1273 ,
2034 1235 2067 1265 &
2083 1236 2202 1273 quilibet
2216 1247 2316 1267 eorum
2331 1249 2386 1268 vo-

1328 1277 1430 1306 citetur
1448 1276 1481 1306 &
1498 1275 1731 1312 nuncupetur,&
1747 1274 1823 1312 quod
1840 1272 1915 1302 idem
1931 1273 2046 1302 Thomas
2058 1274 2092 1304 &
2109 1274 2236 1306 Heredes
2247 1275 2286 1305 sui
2305 1275 2387 1306 Mas-

1326 1314 1383 1345 culi
1400 1314 1518 1351 prediCti
1541 1312 1692 1344 successive
1706 1322 1736 1343 ut
1751 1314 1864 1341 Comites
1879 1310 2027 1340 Clivelaud
2036 1312 2063 1341 in
2078 1314 2211 1343 omnibus
2225 1322 2388 1352 teneantur,

1328 1352 1362 1383 δε
1378 1363 1410 1384 ut
1424 1351 1557 1382 Comites
1573 1350 1725 1383 tractentur
1738 1350 1771 1381 ὃς
1788 1358 1968 1389 reputentur,
1985 1351 2018 1381 «Sc
2032 1352 2149 1389 quilibet
2172 1362 2275 1383 eorum
2291 1362 2387 1384 tenea-

1327 1399 1371 1421 tur
1385 1391 1517 1422 traeietur
1530 1392 1564 1423 &
1582 1399 1743 1429 reputetur,

1363 1428 1552 1467 Habeaiitque
1569 1438 1680 1460 teneant
1694 1430 1727 1460 &
1742 1428 1916 1466 possideant,
1934 1429 2077 1461 &eorum
2094 1430 2212 1470 quilibet
2225 1431 2327 1462 habeat
2341 1440 2387 1462 te-

1326 1476 1391 1499 neat
1409 1468 1443 1498 &
1459 1465 1592 1505 possideat
1607 1468 1711 1498 Sedem
1728 1468 1846 1497 Locum
1861 1467 1893 1497 &
1905 1467 2015 1499 Vocem
2028 1470 2057 1498 in
2074 1468 2265 1500 Parliamentis
2283 1471 2316 1500 ὃς
2334 1480 2387 1508 pu-

1326 1506 1406 1536 blicis
1428 1506 1563 1536 Comitiis
1583 1515 1665 1544 atque
1687 1504 1820 1536 Consiliis
1840 1505 1938 1535 nostris
1963 1506 2114 1538 Heredum
2131 1508 2164 1538 &
2181 1509 2386 1539 Successorurn

1326 1544 1487 1575 nostrorum
1506 1546 1573 1575 infra
1593 1545 1732 1584 Regnum
1746 1543 1876 1574 nostrum
1892 1544 2008 1582 Angue,
2030 1546 2103 1576 inter
2115 1547 2184 1576 alios
2197 1545 2342 1585 Comites,
2351 1557 2385 1577 ut

1326 1586 1417 1613 comes
1428 1583 1592 1620 cliveland,
1610 1593 1726 1614 necnon
1740 1583 1833 1612 didius
1853 1580 1969 1611 Thomas
1990 1584 2023 1613 δε
2046 1583 2174 1615 Heredes
2194 1584 2234 1615 sui
2259 1584 2384 1616 Masculi

1325 1622 1443 1659 prediffi
1457 1622 1595 1661 gaudeant
1609 1624 1642 1653 &
1659 1630 1782 1658 utantur,
1796 1621 1828 1651 ὃ(
1843 1629 1944 1650 eorum
1959 1621 2079 1658 quilibet
2093 1623 2213 1661 gaudeat
2229 1623 2261 1654 ὅ(
2279 1632 2385 1663 utatur,

1328 1669 1376 1698 per
1392 1660 1515 1692 Nomen
1532 1664 1641 1690 Comitis
1653 1659 1818 1697 Cliveland,
1837 1659 1972 1689 omnibus
1983 1660 2015 1689 ὃς
2032 1659 2143 1699 singulis
2159 1660 2274 1699 Juribus
2288 1662 2384 1693 Privi-

1326 1700 1404 1738 legiis
1420 1699 1660 1730 Preheminentiis
1674 1700 1705 1729 δε
1720 1697 1969 1734 Immunitatibus,
1987 1698 2076 1728 Statui
2093 1698 2208 1729 Honori
2226 1700 2259 1730 &
2276 1701 2387 1738 Digni-

1329 1740 1378 1769 tati
1395 1733 1522 1769 Comitis
1537 1739 1566 1768 in
1582 1738 1718 1767 omnibus
1732 1738 1782 1767 rite
1797 1737 1829 1766 ὅ(
1847 1735 1960 1773 dejure
1976 1737 2197 1777 pertinentibus,
2215 1739 2317 1777 quibus
2337 1750 2386 1770 ce-

1327 1777 1379 1807 teri
1395 1775 1528 1807 Comites
1542 1776 1613 1806 dieti
1628 1776 1727 1812 Regni
1748 1775 1833 1805 nostri
1855 1774 1961 1811 Anglie
1977 1783 2040 1805 ante
2062 1775 2117 1805 hec
2140 1785 2267 1814 tempora
2290 1778 2389 1809 melitis

1324 1814 1559 1846 honorificentius
1573 1815 1606 1846 ὃς
1623 1815 1743 1853 quietius
1758 1814 1798 1844 usi
1814 1813 1874 1844 sunt
1887 1814 1921 1843 &
1935 1813 2038 1852 gavili,
2052 1813 2097 1844 seu
2120 1815 2150 1845 in
2174 1814 2296 1846 Presenti
2315 1825 2386 1855 gau-

1325 1853 1410 1885 deant
1428 1855 1460 1885 &
1476 1862 1601 1885 utantur.

1361 1892 1401 1923 Et
1419 1893 1481 1931 quia
1495 1890 1658 1931 hujusmodi
1675 1891 1831 1922 Honorum
1854 1889 2021 1928 Celsitudo,
2041 1892 2143 1929 quibus
2165 1891 2280 1923 defendi
2306 1901 2388 1930 pote—

1325 1932 1376 1969 rit,
1393 1931 1517 1969 sumptus
1530 1930 1689 1969 grandiores
1700 1931 1805 1969 exigit,
1824 1930 1858 1960 ὃς
1875 1938 1904 1958 ut
1921 1929 1996 1959 idem
2018 1929 2134 1959 Thomas
2149 1930 2181 1961 ὃ(
2201 1930 2330 1962 Heredes
2344 1932 2386 1963 sui

1325 1969 1449 2000 Masculi
1462 1969 1580 2008 preditffi
1598 1968 1697 1999 melius
1711 1968 1857 1998 decentius
1871 1969 1904 1998 &
1922 1968 2158 1999 honorificentius
2177 1969 2289 2000 Statum
2313 1970 2385 2000 Ho-

1325 2018 1426 2038 norem
1442 2009 1476 2039 &
1492 2007 1671 2046 Dignitatem
1687 2006 1858 2044 predicitam,
1877 2009 1987 2035 Comitis
2001 2006 2205 2045 Cliveland,ac
2221 2008 2319 2038 Onera
2333 2009 2385 2046 ipsi

1325 2047 1421 2076 Thome
1434 2048 1467 2078 &
1483 2046 1643 2077 Heredibus
1656 2045 1708 2076 suis
1723 2044 1859 2075 Masculis
1872 2045 2066 2075 incumbentia
2080 2055 2260 2076 manutenere
2277 2047 2310 2077 ὅ(
2320 2047 2386 2086 sup-

1325 2094 1438 2122 portare
1453 2085 1579 2123 valeant,
1598 2084 1631 2115 &
1646 2083 1763 2123 quilibet
1776 2092 1879 2113 eorum
1896 2083 2001 2120 valeat,
2018 2084 2083 2113 ideo
2097 2084 2132 2114 de
2146 2086 2271 2114 uberiori
2287 2085 2389 2117 Gratia

1325 2122 1420 2154 nostra
1431 2123 1561 2154 dedimus
1581 2123 1613 2153 &
1630 2121 1837 2159 concessimus,
1855 2131 1889 2151 ac
1904 2131 1954 2158 per
1972 2121 2113 2152 Presentes
2126 2132 2179 2162 pro
2192 2124 2275 2153 nobis
2290 2124 2386 2155 Here-

1326 2162 1408 2192 dibus
1422 2163 1455 2193 &
1470 2160 1684 2193 Succefforibus
1699 2160 1799 2190 nostris
1812 2161 1913 2190 damus
1928 2162 1960 2190 &
1977 2160 2300 2199 concedimus-‚prefato
2313 2163 2385 2193 Tho-

1326 2211 1367 2230 me
1380 2201 1414 2231 &
1431 2200 1588 2231 Heredibus
1601 2199 1654 2230 suis
1670 2199 1805 2229 Masculis
1819 2198 1951 2238 predictis
1964 2199 2191 2238 imperpetuum,
2209 2200 2339 2231 Feodum
2349 2203 2385 2232 fi-

1326 2248 1361 2269 ve
1375 2238 1525 2270 annualem
1538 2238 1694 2269 Redditum
1715 2241 1821 2274 viginti
1843 2237 1993 2266 Librarum
2013 2238 2112 2273 legalis
2138 2237 2260 2270 Monete
2281 2240 2387 2277 Anglie

1323 2286 1371 2314 per
1392 2278 1528 2315 Annum,
1551 2277 1728 2307 Habendum
1748 2277 1781 2306 δε
1802 2275 2015 2313 percipiendum
2038 2276 2150 2306 dietum
2175 2277 2301 2308 Feodum
2324 2280 2383 2309 {ive

1323 2316 1474 2346 annualem
1490 2315 1649 2348 Redditurn
1663 2318 1763 2352 viginti
1777 2315 1928 2344 Librarum
1941 2314 2053 2351 prefato
2066 2315 2163 2345 Thome
2179 2316 2211 2346 &
2225 2315 2386 2346 Heredibus

1323 2354 1374 2384 suis
1390 2353 1526 2385 Masculis
1540 2354 1670 2391 pmdiffis
1687 2355 1915 2392 imperpetuum,
1937 2353 1974 2382 de
1995 2353 2144 2383 Thesauro
2167 2352 2264 2382 nostro
2286 2354 2381 2384 Herc-

1323 2393 1392 2422 dum
1411 2393 1445 2422 ὃ(
1469 2392 1671 2423 Successorum
1694 2391 1876 2428 nostrorum,
1894 2390 1928 2420 ad
1956 2390 2113 2428 Receptam
2129 2390 2270 2421 Scaccarii
2292 2393 2382 2423 nostri

1323 2430 1473 2461 Heredum
1497 2433 1530 2464 &
1555 2430 1757 2461 Succesiorum
1782 2430 1943 2460 nostrorum
1961 2451 1970 2466 ,
2000 2439 2048 2466 pei·
2071 2428 2175 2459 Manus
2197 2429 2378 2462 Thesaurarii

1323 2470 1539 2501 Subthesaurarii
1559 2469 1593 2499 &
1614 2468 1844 2499 Camerariorum
1859 2467 1930 2496 dieti
1944 2467 2086 2497 Scaccarii
2098 2477 2151 2504 pro
2170 2475 2301 2505 tempore
2320 2471 2381 2500 exi.

1324 2508 1456 2539 stentiutn
1480 2531 1490 2546 ,
1526 2508 1559 2538 ad
1589 2507 1669 2537 Festa
1695 2508 1929 2535 Annunti‘ationis
1965 2508 2051 2534 Beate
2078 2508 2172 2535 Marie
2199 2509 2319 2543 Virginis
2344 2509 2379 2539 &

1321 2548 1419 2577 Sandli
1438 2546 1584 2577 Michaelis
1601 2544 1770 2582 Archangeli
1788 2555 1837 2582 per
1857 2542 1970 2581 equales
1993 2543 2144 2575 Portiones
2163 2546 2309 2576 annuatim
2323 2545 2380 2577 sol—

1324 2586 1468 2624 vendum,

1361 2624 1500 2655 Volumus
1511 2624 1595 2654 etiarn
1604 2645 1613 2660 ,
1627 2623 1687 2654 &c.
1727 2621 1842 2660 Absque
1856 2620 1926 2652 Fine
1940 2622 1971 2652 in
1987 2620 2170 2662 Hanaperio,
2184 2622 2245 2653 &c.

1361 2704 1408 2736 Eo
1421 2703 1500 2743 quod
1512 2702 1638 2741 expressa
1653 2703 1778 2741 mentio,
1790 2702 1852 2733 &c.

1359 2784 1394 2817 In
1415 2786 1493 2823 cujus
1510 2784 1569 2822 rei,
1583 2785 1645 2816 &c.

1361 2864 1453 2897 Teste
1466 2863 1549 2905 Rege
1563 2865 1637 2904 apud
1653 2860 1934 2905 Wstmonasteriumj,
1949 2868 2043 2906 quinto
2066 2865 2109 2897 die
2128 2866 2278 2902 Februarii.

2067 2949 2122 2978 Per
2139 2949 2222 2989 ipsi'an
2239 2953 2345 2989 Regem.

1324 3110 1373 3143 De
1398 3107 1569 3154 Concffone
1588 3105 1642 3147 fibi
1664 3118 1700 3145 (3*
1726 3105 1893 3141 Heredibus
1916 3107 2076 3141 Edmundo
2093 3112 2219 3142 Domino
2239 3107 2386 3156 Shffild

1543 3155 1579 3189 de
1601 3157 1758 3203 Dignitate
1781 3158 1901 3189 Comitis
1921 3156 1957 3190 de
1978 3157 2163 3203 Musgrave.

1394 3244 1476 3284 EX,
1495 3246 1556 3278 &c.
1577 3244 1807 3284 Archiepiscopis
1821 3245 1959 3276 Ducibus
1973 3243 2193 3277 Marchionibus
2209 3246 2379 3279 Comitibus

1402 3284 1640 3315 vicecomitibus
1658 3284 1806 3322 Episcopis
1824 3284 1980 3315 Batonibus
2001 3283 2145 3315 Militibus
2162 3286 2310 3324 Prepoliti's
2326 3287 2378 3317 Li-

1327 3245 1384 3301 R

2400 463 2536 503 *xvnii

2440 504 2504 531 282.

2399 3252 2474 3285 Ann.
2485 3254 2525 3285 D.

2416 3294 2501 3332 1625.

1323 3325 1399 3355 beris
1416 3322 1614 3361 Hominibus,
1639 3332 1673 3353 ac
1702 3324 1837 3353 omnibus
1864 3322 2021 3353 Officiariis
2044 3322 2184 3354 Ministris
2201 3326 2234 3356 δε
2254 3324 2380 3355 Subditis
2395 3336 2448 3359 Aa.
2477 3342 2502 3360 ι,

1325 3361 1428 3394 nostris
1445 3361 1679 3399 quibuscunque,
1703 3361 1738 3391 ad
1753 3371 1823 3400 quos
1836 3360 1978 3391 Presentes
1996 3361 2092 3392 Litere
2109 3363 2302 3402 pervenerint,
2326 3363 2376 3394 Sa-
2393 3375 2458 3399 Car.
2482 3380 2507 3399 ι,

1325 3402 1426 3432 lutern-

2394 3412 2452 3436 Pat.
2468 3417 2493 3437 1.

1363 3436 1497 3476 Maiestas
1512 3438 1546 3469 δε
1563 3435 1817 3480 CelfitudoRegia
1832 3445 1902 3468 tunc
1916 3437 2066 3477 adaugetur
2083 3439 2116 3470 δε
2131 3438 2272 3476 clarescit,
2308 3449 2377 3470 uan-
2388 3449 2451 3475 Car.
2466 3457 2491 3476 ¹,

1324 3478 1364 3509 do
1378 3475 1459 3514 Viri,
1476 3485 1598 3516 quorum
1615 3474 1771 3519 Nobilitati
1790 3478 1899 3514 generis
1919 3477 2056 3507 virtutum
2079 3475 2180 3508 Gloria
2203 3484 2272 3507 acce
2296 3479 2350 3508 erit
2365 3502 2375 3516 ,
2385 3488 2528 3521 p,7,n‚21:

1326 3515 1496 3547 Honoribus
1507 3514 1658 3553 condignis
1674 3513 1872 3551 insigniuntur·‚
1891 3513 1957 3545 Hec
1971 3525 2025 3546 nos
2038 3515 2143 3545 intuitu
2165 3514 2262 3553 Regio
2283 3517 2374 3546 consi-

1326 3556 1467 3591 derantes,
1487 3554 1680 3590 memoriaque
1696 3551 1789 3582 nostra
1803 3552 1958 3583 recolentes
1967 3576 1976 3591 ‚
1994 3559 2012 3574 *¹
2031 3553 2107 3590 quod
2121 3552 2288 3590 predileetiis
2302 3554 2375 3585 &fi-
2389 3548 2536 3594 *XVIIIJ

1327 3593 1396 3624 delis
1410 3592 1521 3628 noster,
1538 3590 1698 3620 Edmundus
1711 3589 1852 3629 Sheffei‘ld,
1870 3591 2023 3631 prenobilis
2037 3590 2154 3621 Ordinis
2169 3590 2296 3622 Gai-terii
2312 3591 2376 3622 Mi-

1326 3630 1381 3669 les,
1398 3631 1474 3659 Baro
1489 3627 1620 3667 Shefflild
1628 3628 1660 3658 de
1674 3630 1878 3673 Butterfwicke‚
1896 3639 1946 3674 per
1961 3628 2162 3665 septemdecim
2188 3628 2288 3673 Annos
2309 3632 2382 3663 inte-

1327 3667 1503 3738 {Ziza—³023
1506 3676 1639 3749 &33:1¹3
1640 3666 2223 3743 iE‘ssfffiiffiffssziszit‘issubiisti?
2224 3669 2385 3748 ehuooffcid‘g

1327 3743 1416 3776 etiam
1430 3745 1459 3774 in
1480 3745 1560 3774 rebus
1575 3744 1697 3781 bellicis,
1710 3753 1770 3774 tarn
1786 3743 1863 3775 Mari
1879 3752 1963 3782 quam
1976 3742 2083 3780 Terra,
2099 3743 2125 3772 se
2143 3744 2253 3774 fortiter
2270 3746 2303 3776 &
2326 3747 2382 3778 ho-

1329 3781 1447 3814 norifice
1463 3782 1606 3813 multoties
1621 3781 1751 3821 gesserit,
1773 3783 1916 3820 presertim
1927 3804 1937 3819 ,
1954 3782 1983 3810 in
1998 3782 2088 3812 Anno
2102 3782 2236 3819 millefimo
2250 3788 2381 3822 quingen-

1328 3821 1419 3861 tesimo
1432 3819 1601 3860 obluagefimo
1616 3822 1838 3859 oslavossontre
1851 3818 2003 3859 Hispanos,
2017 3820 2065 3858 qui
2079 3828 2147 3850 tunc
2166 3821 2224 3852 hoc
2240 3821 2380 3860 Regnum

1329 3859 1466 3891 hostiliter
1483 3859 1657 3902 invaserunt,
1676 3868 1729 3897 pro
1759 3859 1835 3895 cujus
1858 3858 1979 3888 Servitio
1998 3859 2029 3886 iri
2046 3856 2237 3895 Expeditione
2254 3862 2378 3899 predicita

1329 3897 1446 3930 forti&
1463 3896 1541 3928 felici
1554 3896 1722 3929 serenissima
1737 3899 1840 3933 Regina
1854 3893 2044 3933 Elizabetha,
2068 3906 2104 3927 ex
2125 3897 2316 3930 munificentia
2333 3903 2380 3931 sua

1332 3936 1444 3973 Regia,
1462 3936 1570 3973 prefato
1583 3938 1700 3965 Domino
1715 3934 1844 3974 sheffiild
1856 3935 1889 3965 &
1915 3933 2078 3965 Heredibus
2096 3936 2148 3966 suis
2168 3936 2330 3968 Manerium
2345 3938 2382 3968 de

1325 3973 1476 4015 Mulgrave
1490 3974 1522 4005 in
1538 3972 1690 4006 Comitatu
1708 3972 1846 4011 Eburum,
1875 3981 1942 4003 cum
1963 3973 2100 4005 omnibus
2119 3975 2294 4012 pertinentiis
2315 3977 2386 4013 suis,

2323 4023 2396 4045 con-

2424 3599 2458 3627 28
2463 3608 2487 3635 3.
