2536 4255
95 177 174 208 Ann.
189 175 231 207 D.

119 214 205 253 1625.

95 257 147 282 An.
168 263 192 282 1.

95 296 157 319 Car.
177 302 201 318 1.

96 330 233 358 *XVllL

96 368 161 402 567·

299 177 411 206 Comitis
427 169 554 239 BiJloll,

301 216 322 235 *
337 216 444 244 Comitis
478 223 489 239 e
505 208 699 249 Bolingbroke,

298 251 419 291 Episcopi
434 248 566 288 Lincoln,

298 292 409 321 Domini
434 284 604 324 Cavendifh,

303 329 413 357 Domini
431 329 473 355 St.
487 324 569 363 John
584 326 616 354 de
632 325 756 366 Bletsoe,

302 367 411 395 Domini
433 363 632 403 Wentworth,

301 405 413 433 Domini
431 401 568 432 Mordant
578 425 588 441 ,

298 444 411 470 Domini
434 440 536 479 Bruse,

296 478 433 518 Ranulphi
460 484 556 508 Crewe
580 478 704 517 Militis,

297 516 441 556 Johannis
460 517 631 555 Dodderidge
649 518 769 558 Militis,

298 555 462 585 Alexandri
482 559 524 586 St.
540 555 624 594 John
640 557 763 594 Militis,

295 594 408 624 Roberti
428 595 529 634 Napar
548 594 654 624 Militis
670 593 708 630 ὠ·
729 599 895 632 Baronetti‚

293 632 437 671 Johannis
452 632 562 672 Bofeler
581 633 686 662 Militis
704 632 741 669 ὠ·
761 637 926 671 Baronetti,

295 670 404 701 Oliveri
423 672 509 701 Luke·
521 671 645 710 Militis,

294 709 392 739 Thome
411 713 515 750 Snagge
531 709 651 748 Militis,
771 743 774 745 .

293 747 393 778 Thome
409 747 587 786 Tirringham
603 747 726 787 Militis,

297 787 433 817 Edvardi
451 787 607 817 Duncombe
629 786 753 825 Militis,

294 826 429 856 Edvardi
448 826 579 866 Conquest
599 825 718 864 Militis,

299 864 433 905 Francisci
450 867 557 894 Ventris
578 864 701 902 Militis,

295 902 395 933 Thome
411 902 514 940 Cheney
533 902 654 940 Militis,

294 942 394 971 Thome
418 942 527 971 Boteler
551 941 674 977 Militis,

298 983 404 1017 Georgii
423 979 558 1010 Blundell
572 979 695 1016 Militis,

299 1018 444 1058 Johannis
459 1018 580 1048 Orboxne
599 1018 716 1054 Militis,

299 1057 436 1097 Francisci
452 1056 596 1095 crawley,

299 1096 445 1134 Johannis
462 1099 549 1126 Dunn
559 1118 568 1132 ,

299 1135 444 1173 Johannis
462 1133 638 1170 Pocklington
646 1155 656 1171 ,

300 1176 414 1203 Henrici
432 1171 538 1212 Astry,

297 1211 335 1242 Et
355 1211 485 1241 Richardi
501 1209 617 1249 Taylor,
971 1246 976 1250 Ι
1276 1241 1283 1245 ,

240 1259 333 1280 unum
358 1250 412 1280 effe
429 1250 578 1285 volumus)
597 1247 770 1287 Justiciarios
786 1245 897 1277 nostros
917 1244 950 1275 ad
969 1243 1187 1283 inquirendum,
1206 1252 1253 1280 per
1267 1245 1307 1271 la-

240 1298 424 1319 cramentum
441 1288 602 1325 proborum
622 1286 802 1324 &legalium
824 1284 990 1314 Hominum
1005 1286 1041 1314 de
1060 1284 1208 1313 Coniitatu
1234 1290 1308 1319 prae-

242 1326 339 1365 disto,
359 1337 407 1366 per
421 1336 493 1363 quos
505 1328 545 1356 rei
559 1327 659 1356 veritas
673 1325 771 1355 melius
784 1324 846 1354 sciri
857 1323 975 1361 poterit,
994 1323 1031 1354 de
1045 1322 1224 1365 omnibus&
1239 1330 1305 1351 oni-

242 1365 370 1396 nimodis
394 1365 531 1401 Feloniis,
558 1363 726 1402 Veneficiis,
752 1362 993 1393 lncantationibus
1003 1384 1012 1399 ,
1037 1361 1190 1399 Sortilegus
1205 1382 1215 1397 ,
1236 1360 1308 1391 Arte

242 1403 378 1444 Magica,
398 1400 694 1442 Transgresfionibus‚
720 1401 923 1440 Forstallagiis,
947 1400 1139 1442 Regratariis,
1166 1398 1307 1444 lngrossa-

240 1443 287 1472 riis
303 1444 337 1474 &
350 1442 564 1472 Extortionibus
577 1442 810 1480 quibuscunque,
827 1449 862 1470 ac
875 1438 912 1469 de
926 1440 1062 1469 omnibus
1074 1438 1107 1468 &
1122 1438 1235 1476 lingulis
1249 1437 1308 1468 aliis

241 1479 404 1511 Malefaffls
420 1482 453 1511 &
471 1479 615 1517 Offensis,
635 1481 670 1510 de
685 1481 785 1518 quibus
796 1477 949 1517 justiciarii
965 1478 1046 1508 Pacis
1060 1475 1156 1507 nostre
1177 1477 1305 1515 legitime

241 1519 380 1558 inquirere
397 1518 514 1556 possunt
527 1527 573 1548 aut
589 1519 711 1557 debent,
731 1528 780 1555 per
797 1517 983 1555 quoscunque
1006 1517 1039 1546 ὅ(
1065 1515 1306 1558 qualitercumque

240 1559 272 1587 in
285 1557 436 1588 Comitatu
453 1557 592 1594 praedieto
609 1557 702 1587 Fac'tis
717 1557 770 1587 sive
785 1557 964 1593 perpetratis,
982 1556 1027 1585 vel
1049 1564 1105 1592 que
1118 1554 1304 1593 imposterum

240 1596 350 1626 ibidem
365 1596 425 1626 fieri
439 1596 485 1626 vel
498 1597 657 1633 attemptari
674 1596 864 1634 contigerint,

279 1634 325 1664 Ac
338 1636 425 1665 etiam
442 1634 478 1664 de
492 1635 628 1664 omnibus
644 1633 712 1670 illis,
730 1634 780 1670 qui
794 1634 822 1663 in
840 1632 991 1662 Comitatu
1002 1631 1156 1668 praedidio,
1175 1632 1203 1660 in
1221 1629 1304 1661 Con-

242 1673 408 1711 venticulis,
428 1682 527 1703 contra
542 1672 647 1702 Pacem
662 1672 806 1708 nostram,
824 1673 852 1700 in
868 1672 1110 1709 perturbationem
1127 1670 1230 1706 Populi
1253 1679 1306 1698 no-

243 1712 311 1750 stri,
330 1712 375 1742 scu
391 1713 419 1743 vi
436 1720 542 1741 armata
558 1711 649 1741 ierunt
665 1710 711 1742 vel
724 1709 990 1748 equitaverun[,leu
1006 1707 1193 1746 imposterum
1212 1709 1250 1737 ire
1262 1708 1307 1739 vel

240 1753 365 1789 equitare
380 1750 615 1789 presumpserint,

278 1789 324 1820 Ac
339 1789 425 1820 etiam
442 1789 479 1819 de
491 1788 629 1818 omnibus
642 1786 712 1826 hiis,
730 1788 780 1826 qui
790 1785 897 1817 ibidem
907 1810 916 1824 ,
930 1784 963 1816 ad
972 1793 1088 1824 gentem
1102 1785 1227 1815 nostram
1236 1785 1306 1815 mai-

240 1828 418 1858 hemandum
434 1827 480 1858 vel
495 1826 726 1857 interficiendum
736 1849 746 1864 ,
764 1827 793 1856 in
808 1825 912 1856 insidiis
923 1826 1089 1864 jacuerunt,
1104 1824 1148 1856 vel
1166 1824 1305 1862 imposte-

241 1876 308 1896 rum
321 1867 412 1904 jacere
427 1864 643 1905 presumpserint
653 1888 663 1903 ,

280 1904 328 1936 Ac
342 1906 428 1936 etiam
442 1903 479 1935 de
489 1903 686 1942 Hostellariis,
704 1905 738 1935 &
753 1903 810 1933 aliis
825 1902 962 1933 omnibus
976 1903 1011 1934 &
1028 1902 1138 1942 singulis
1159 1901 1305 1940 Personis,

241 1945 291 1982 qui
306 1944 335 1974 in
351 1944 435 1974 abusu
451 1942 613 1983 ponderum
627 1943 672 1973 vel
691 1943 884 1972 mensurarum
900 1941 959 1974 five
973 1942 1004 1972 in
1018 1942 1184 1973 venditione
1194 1941 1306 1972 vidtua-

240 1983 332 2020 lium,
351 1991 452 2013 contra
470 1982 607 2012 Formam
621 1981 845 2012 ordinationum
867 1981 912 2011 vel
927 1981 1124 2019 Smmrorum,
1141 1981 1186 2011 vel
1203 1990 1306 2010 eorum

241 2022 357 2059 alicujus
369 2044 379 2060 ,
394 2020 460 2050 inde
476 2030 529 2058 pro
542 2020 698 2050 communi
712 2020 826 2051 utilitate
838 2019 934 2058 Regni
941 2019 1032 2050 nostri
1048 2020 1192 2059 Anglie&
1208 2018 1305 2057 Popu-

240 2062 259 2091 li
278 2060 365 2090 nostri
386 2059 512 2097 ejusdem
536 2059 700 2096 editorum,
719 2059 896 2096 deliquerunt
920 2059 966 2089 vel
988 2066 1241 2096 attemptaverunt,
1258 2057 1305 2088 seu

242 2099 435 2138 imposterum
450 2097 612 2138 delinquere
626 2097 671 2129 vel
684 2105 851 2136 attemptare
873 2097 1088 2137 presumpserint
1107 2099 1136 2128 in
1154 2096 1304 2137 Comitatu

240 2137 395 2177 praedicto,
1189 2149 1191 2154 t

277 2176 322 2206 Ac
338 2175 425 2206 etiam

240 2214 273 2244 lis
319 2213 556 2251 Constabulariis,
574 2212 934 2252 CustodibusGaolarum,
955 2215 988 2246 &
1002 2215 1061 2244 aliis
1069 2212 1304 2251 Officiariis,qui

240 2255 270 2283 iri
286 2237 464 2284 Executione
481 2252 662 2284 Officiorum
676 2253 788 2284 suorum
810 2254 886 2283 circa
902 2253 1052 2290 premissa,
1065 2254 1111 2282 seu
1132 2261 1234 2282 eorum
1255 2252 1304 2282 ali-

239 2302 311 2330 qua,
330 2292 454 2322 indebite
469 2290 494 2321 se
511 2291 687 2330 habuerunt,
704 2292 749 2322 vel
759 2291 946 2329 imposterum
958 2291 1085 2321 indebite
1097 2291 1305 2329 sehaberepre—

237 2330 419 2368 sumpserint,
437 2338 483 2359 aut
498 2330 582 2367 tepidi
596 2331 699 2361 remissi
709 2331 756 2361 vel
770 2331 941 2369 negligentes
954 2329 1087 2368 fuerunt,
1105 2339 1152 2360 aut
1167 2329 1303 2368 imposte-

239 2379 303 2400 rum
319 2370 380 2400 sore
396 2370 547 2406 contigerit
563 2370 591 2398 in
607 2368 757 2399 Comitatu
775 2370 922 2406 medidie,

278 2408 315 2438 Et
329 2409 365 2438 <ie
381 2408 516 2437 ominibus
532 2408 564 2437 δε
582 2407 691 2446 singulis
708 2407 840 2438 Articulis
855 2408 888 2438 &
904 2405 1142 2438 Circumstanciis
1155 2407 1303 2437 &aliisre-

238 2447 290 2477 bus
305 2448 518 2484 quibuscunque
534 2455 581 2482 per
596 2447 780 2484 quoscunque
795 2447 828 2478 &
845 2446 1077 2484 qualitercunque
1101 2447 1130 2474 in
1152 2444 1302 2476 Coniitatu

239 2485 370 2522 prediolo
398 2484 477 2514 factis
497 2485 551 2513 live
571 2486 748 2522 perpetratis,
763 2485 809 2515 vel
829 2495 886 2522 que
904 2484 1092 2522 imposterum
1113 2483 1222 2514 ibidem
1243 2483 1302 2515 fieri

240 2525 283 2555 vel
300 2531 464 2560 attemptare
479 2524 650 2561 contigerit,
669 2524 902 2562 qualitercunque
918 2523 1116 2563 premissorum
1131 2523 1177 2553 vel
1198 2532 1301 2553 eorum

237 2563 354 2600 alicujus
368 2561 604 2592 concernentibus
614 2561 722 2600 plenius
734 2563 880 2592 veritatem
889 2584 898 2599 ,

278 2600 317 2631 Et
331 2601 365 2630 ad
382 2600 584 2630 indielamenta
597 2610 796 2638 quecumque,
814 2600 852 2630 fic
861 2610 962 2631 coram
977 2600 1080 2638 vobis,
1098 2599 1142 2630 seu
1164 2599 1304 2637 aliquibus

240 2638 368 2669 vestrum
378 2661 387 2675 ,
405 2647 485 2675 capta
499 2638 554 2667 sive
569 2638 722 2676 capienda,
737 2647 784 2669 aut
797 2648 896 2669 coram
913 2639 969 2668 aliis
977 2648 1067 2677 nuper
1078 2638 1241 2676 Justiciariis
1249 2638 1303 2668 Pa-

238 2680 294 2748 εἰῗ,
312 2679 342 2707 in
358 2677 505 2746 (gomitatu
523 2676 651 2715 predid'to
666 2677 739 2709 fac'ta
755 2677 812 2708 five
827 2686 925 2716 capta,
943 2678 976 2709 &
992 2677 1125 2708 nondum
1142 2678 1302 2715 terminata,

237 2728 267 2748 in
299 2725 369 2746 icien
393 2725 442 2745 um

278 2726 323 2786 gc
340 2755 374 2784 ad
391 2737 536 2791 progcss‘us
551 2752 618 2783 inde
630 2754 723 2784 versus
741 2764 842 2785 omnes
864 2755 897 2786 ὅ(
917 2753 1055 2792 singulos,
1073 2753 1112 2784 sic
1134 2753 1303 2792 indietatos,

240 2794 286 2825 vel
302 2803 373 2832 quos
387 2801 485 2823 coram
503 2792 585 2822 vobis
598 2792 788 2829 imposterum
810 2793 938 2823 indidiari
961 2793 1131 2830 contigerit,
1155 2791 1300 2830 quousque

240 2834 386 2870 capiantur
397 2855 407 2870 ,
425 2830 543 2861 reddant
559 2830 602 2868 se,
629 2832 675 2862 vel
697 2831 875 2871 utlagentur,
894 2831 1055 2862 faciendum
1077 2831 1111 2861 &
1128 2831 1302 2862 continuan-

240 2872 310 2902 dum

275 2893 364 2940 Et'ad
380 2908 478 2938 omnia
492 2907 525 2938 &
542 2907 644 2946 singula
660 2908 804 2946 Felonias,
822 2907 1221 2946 Veneficia,1ncantationes,
1233 2907 1302 2938 Sor-

240 2949 331 2988 tilegis
341 2971 350 2986 ‚
373 2948 452 2977 Aries
467 2946 596 2984 Magicas
607 2969 617 2984 ‚
636 2946 889 2986 Trangreffiones,
905 2947 1099 2985 Forstellaria,
1117 2945 1302 2985 Regrataria,

241 2986 425 3024 Ingrosiaria,
442 2985 641 3022 Exmrtiones‚
660 2984 888 3024 Conventicula,
921 2985 1131 3016 lndi&amenta
1150 2985 1303 3023 praedieta,

240 3035 391 3063 ceteraque
408 3024 506 3053 omnia
523 3024 557 3054 &
573 3023 675 3062 singula
690 3025 848 3062 praemissa,
863 3024 1017 3055 secundum
1033 3024 1126 3062 Leges
1140 3025 1174 3055 &
1194 3023 1305 3055 Statura

242 3065 340 3104 Regni
355 3062 443 3094 nostri
462 3061 581 3099 Anglie,
598 3070 682 3100 prout
697 3063 725 3092 in
752 3063 915 3102 hujusmodi
937 3063 1001 3094 casu
1017 3062 1079 3093 fieri
1097 3061 1243 3094 consuevit
1257 3071 1303 3093 aut

244 3104 361 3141 debuit,
378 3100 551 3132 audiendum
568 3101 601 3131 &
619 3101 848 3141 terminandum,

279 3142 317 3174 Et
331 3142 367 3172 ad
382 3140 500 3171 eosdem
513 3138 737 3177 Delinquentes‚
753 3141 787 3171 &
802 3140 959 3178 quemlibet
978 3149 1099 3177 eorum,
1117 3149 1172 3176 pro
1194 3139 1304 3170 deliffls

245 3182 314 3219 suis,
331 3189 380 3219 per
397 3180 500 3216 Fines,
517 3176 759 3217 Redemptiones‚
778 3179 1023 3216 Amerciamenta,
1041 3178 1255 3217 forisfaeturas‚
1269 3188 1304 3209 ac

244 3221 301 3251 alio
314 3219 423 3257 modo,
443 3224 528 3256 prout
539 3216 696 3246 secundum
713 3217 822 3257 Legem
835 3219 868 3250 &
878 3217 1126 3248 Consuetudinem
1140 3217 1239 3254 Regni
1248 3226 1302 3247 rio-

247 3258 295 3288 stri
314 3258 433 3296 Anglie,
449 3264 496 3287 aut
511 3254 646 3285 Formam
661 3255 887 3287 Ordinationurn
900 3255 945 3286 vel
967 3254 1145 3286 Statutorum
1163 3255 1305 3292 predieto-

249 3306 328 3334 rum,
346 3296 405 3326 fieri
419 3295 566 3326 cousuevit
579 3303 626 3325 aut
641 3294 759 3331 debuit,
777 3294 971 3334 castigandum
986 3294 1020 3324 &
1033 3294 1230 3331 puniendum,

287 3334 406 3365 Proviso
415 3334 519 3373 semper
534 3333 613 3371 quod
623 3355 633 3371 ,
649 3333 667 3362 fi
683 3332 771 3364 Casus
785 3333 957 3364 difficultatis
964 3331 1042 3370 super
1056 3331 1305 3363 Determinatione

246 3375 404 3414 aliquorum
418 3371 622 3419 premissorum
641 3381 741 3402 coram
758 3372 842 3402 vobis
857 3371 902 3403 vel
913 3371 1049 3414 aliqui-bus
1062 3370 1173 3414 duobus
1188 3372 1234 3402 vel
1241 3371 1305 3408 plu-

249 3414 325 3443 ribus
338 3411 467 3444 vestrum
481 3411 593 3441 evenire
606 3412 776 3449 contigerit,
793 3419 864 3442 tunc
886 3409 922 3440 ad
938 3409 1082 3447 judicium
1101 3409 1167 3440 inde
1183 3410 1305 3441 redden-

251 3452 321 3483 dum
329 3475 339 3488 ,
355 3450 406 3480 nisi
419 3451 446 3478 in
464 3448 602 3480 Presentia
613 3450 695 3488 unius
707 3448 934 3487 justiciariorum
943 3446 1124 3485 nostrorum,
1141 3447 1179 3478 de
1191 3458 1251 3478 uno
1257 3448 1304 3478 vel

251 3492 286 3521 de
300 3491 389 3521 altero
404 3487 519 3525 Barim,
535 3497 582 3518 aut
596 3489 677 3519 unius
689 3487 918 3526 Justiciariorum
934 3484 1095 3516 nostrorum
1111 3486 1144 3516 ad
1161 3486 1259 3517 Affisas
1273 3487 1304 3516 in

439 2174 477 2206 de
491 2175 721 2213 quibuscumque
733 2175 980 2213 vicecomitibus,
994 2174 1121 2211 Bauivis,
1140 2162 1305 2205 Seneschal-

106 3529 403 3577 ‘XVHLComitatu
419 3526 545 3564 predieto
562 3526 730 3563 capiendum
747 3526 948 3565 assignatorum
960 3533 1059 3554 coram
1074 3524 1156 3554 vobis
1171 3525 1243 3561 vel*
1254 3526 1304 3556 ali-

113 3586 176 3618 568.

257 3568 359 3606 quibus
371 3566 482 3596 duobus
496 3564 540 3595 vel
552 3565 676 3602 pluribus
689 3563 819 3597 vestrum
832 3565 951 3594 minime
968 3561 1156 3601 procedatur3

295 3605 331 3635 Et
345 3604 411 3634 ideo
426 3604 510 3633 vobis
525 3603 560 3633 δε
571 3604 688 3634 cuilibet
701 3603 829 3633 vestrum
852 3602 1038 3637 mandamuS,
1059 3601 1137 3639 quod
1157 3602 1232 3633 circa
1255 3611 1307 3632 cu-

255 3643 374 3672 stodiam
386 3642 484 3678 Pacis,
503 3641 746 3680 ordinationum,
763 3641 940 3673 Statutorum
956 3641 989 3670 ὃς
1006 3641 1140 3670 omnium
1162 3641 1196 3670 δε
1212 3641 1306 3679 fingu-

254 3682 350 3711 lorum
365 3688 524 3710 ceterorum
540 3680 735 3715 premissorum
747 3681 893 3718 diligenter
909 3677 1055 3709 intendatis
1065 3699 1075 3713 ‚

294 3719 331 3749 Et
346 3718 380 3748 ad
395 3727 487 3748 certos
503 3717 573 3747 Dies
591 3718 623 3747 &
640 3717 737 3755 Loca,
757 3728 813 3756 que
831 3727 882 3748 vos
898 3717 943 3747 vel
963 3716 1048 3753 aliqui
1065 3715 1228 3746 hu'usmodi
1245 3716 1305 3747 duo

257 3757 302 3787 vel
315 3756 405 3793 plures
417 3754 559 3792 vestrum,
576 3764 613 3785 ut
624 3756 792 3792 praediCtum
805 3755 863 3792 est,
881 3755 914 3785 ad
934 3755 994 3785 hoc
1009 3755 1092 3791 provi
1113 3755 1206 3792 eritis,
1223 3754 1304 3792 super

255 3793 401 3834 praemiffis
419 3794 522 3823 faciatis
535 3792 748 3833 Inquisitiones‚
767 3796 800 3826 δε
818 3793 949 3832 premissa
962 3793 1059 3822 omnia
1073 3793 1106 3823 δε
1128 3792 1236 3832 singula
1254 3804 1303 3824 au-

255 3833 334 3862 diatis
346 3832 379 3862 &
392 3832 560 3868 terminetis,
577 3841 610 3860 ac
626 3842 658 3861 ea
674 3833 776 3863 faciatis
798 3834 832 3863 δε
846 3832 975 3870 expleatis
995 3831 1026 3860 in
1046 3830 1140 3860 forma
1162 3833 1306 3871 predidm,

254 3871 354 3901 fasturi
367 3870 432 3899 inde
448 3868 524 3905 quod
532 3868 571 3911 ¹ad
583 3868 723 3905 justiciam
738 3872 859 3908 pertinet
869 3869 1027 3902 secundum
1041 3868 1151 3909 Legem
1171 3871 1205 3901 &
1221 3870 1305 3902 Con-

252 3908 429 3940 suetudinem
443 3906 539 3944 Regni
553 3907 641 3936 nostri
656 3908 757 3946 Anglie
769 3919 774 3938 :

288 3946 376 3977 Salvis
390 3946 471 3975 nobis
487 3946 720 3986 Amerciamentis
734 3948 766 3978 &
781 3947 840 3978 aliis
855 3947 888 3977 ad
904 3956 955 3977 nos
967 3945 1032 3978 inde
1045 3946 1242 3985 speetantibus.

634 84 1449 132 CONVENTIONES‚

1519 76 1910 133 LIT'ERAE,

1392 167 1568 210 Mandamus
1584 170 1660 200 enim
1671 192 1680 207 ‚
1696 178 1797 200 tenore
1810 167 1987 198 Presentium
1999 191 2010 207 ,
2026 167 2209 200 vicecomiti
2231 168 2334 200 nostro
2352 170 2425 202 Bed-
2447 168 2536 202 Arm]

1361 206 1454 237 fordie
1467 206 1545 246 quod
1556 230 1565 245 ,
1584 209 1619 238 ad
1634 217 1725 238 certos
1739 207 1810 237 Dies
1824 207 1858 237 ὃς
1874 206 1971 244 Loca,
1991 216 2047 244 que
2056 216 2108 237 vos
2121 207 2168 238 vel
2178 208 2264 246 aliqui
2279 208 2429 247 hujusmo-
2469 212 2536 248 1⁶25

1361 246 1391 276 di
1407 246 1466 276 duo
1482 246 1527 276 vel
1541 247 1631 284 plures
1647 245 1790 283 vestrum,
1808 253 1838 275 ut
1855 245 2018 283 predictum
2026 244 2085 282 est,
2108 245 2191 283 ei,ut
2207 247 2367 284 predictum
2377 248 2429 285 est,
2449 250 2500 274 An.
2522 257 2532 276 r

1361 284 1431 316 scire
1445 284 1585 322 feceritis,
1602 286 1698 316 venire
1716 285 1799 315 faciat
1811 293 1911 314 coram
1920 284 2003 314 vobis
2020 283 2064 314 vel
2078 283 2241 321 hujusmodi
2257 285 2369 316 duobus
2384 288 2430 316 vel
2450 288 2510 314 Car.
2529 295 2536 314 i

1362 322 1653 363 pluribuszfvestriim,
1675 331 1707 353 ut
1725 322 1836 354 dietum
1857 321 1916 360 est,
1935 330 1979 353 tot
2002 323 2035 354 &
2059 322 2127 353 tales
2149 323 2255 359 probos
2280 326 2313 357 &
2330 325 2429 363 legales

1360 361 1668 399 hominesdeBalliva
1680 362 1742 400 sua,
1761 370 1822 391 tam·
1832 361 1904 391 infra
1918 361 2073 398 libertates,
2090 370 2176 398 quam
2187 370 2278 400 exrra,
2297 373 2346 400 per
2354 373 2426 402 quos

1361 401 1402 429 rei
1419 401 1521 431 veritas
1536 400 1567 430 iri
1581 399 1719 439 premissis
1733 399 1832 429 melius
1847 398 1912 428 sciri
1927 399 2029 437 poterit
2045 400 2078 430 ὃ(
2095 400 2208 435 inquiri.

1398 437 1609 477 Asfignavimus
1631 439 1756 476 denique
1769 446 1796 468 te
1818 437 1957 475 prefatum
1980 437 2109 467 Thomam
2131 438 2271 468 Edmonds
2296 437 2424 471 Militem

1359 474 1521 516 Custodem
1537 476 1714 508 Rotulorum
1730 476 1812 506 Pacis
1829 476 1926 506 nostre
1940 477 1968 506 iri
1986 475 2136 507 Comitatu
2152 476 2251 507 nostro
2260 476 2424 517 Bedfordie3

1357 515 1404 545 Ac
1419 524 1565 554 propterea
1578 524 1627 553 tu,
1644 516 1679 546 ad
1693 514 1762 544 Dies
1787 516 1820 546 &
1845 514 1926 544 Loca
1958 515 2110 554 praediCta,
2139 515 2249 553 Brevia,
2270 515 2426 556 precepta,

1365 553 1519 584 Proceffiis
1532 555 1565 584 &
1578 553 1787 584 IndiCramenta
1801 553 1924 590 predicta
1933 575 1942 591 ,
1962 563 2062 583 coram
2072 561 2101 584 te
2115 554 2148 585 &
2159 554 2241 585 dietis
2256 555 2346 585 Sociis
2361 557 2425 594 tuis,

1358 593 1454 622 venire
1471 593 1572 630 facias,
1591 601 1622 623 ut
1638 602 1670 622 ea
1683 592 1878 630 inspiciantur,

1357 631 1520 667 prediQrum
1540 631 1591 660 est.
1832 645 1846 655 κ

1898 592 1931 622 &
1944 591 2042 621 debito
2055 591 2112 621 fine
2128 595 2334 632 terminentur,
2353 594 2425 625 sicut

1393 686 1429 717 In
1445 688 1526 726 cujus
1543 688 1600 726 rel,
1620 689 1682 720 δίε.
1699 686 1739 718 Τ.
1754 686 1795 717 R.
1810 679 1886 723 apud
1899 684 2169 725 H’estmonasterium.
2198 719 2212 737 ἑ)
2242 733 2252 739 .

1391 762 1545 802 consimiles
1558 767 1674 794 Literas
1688 761 1912 802 Commiffionales
1929 761 1961 791 de
1969 760 2144 800 separalibus
2160 765 2362 806 comitatibus,
2381 770 2424 798 in-

1346 800 1438 839 ferius
1445 801 1603 841 subfiriptis
1613 826 1624 840 ,
1642 802 1747 833 habent
1762 801 1880 841 Persone
1890 799 1970 839 infra
1980 803 2120 831 nominate
2131 825 2140 840 ,
2149 800 2188 837 ὠ
2197 803 2230 833 de
2243 807 2330 835 Datis
2339 810 2425 837 etiam

1343 839 1506 880 ficbsiriptis
1511 864 1517 869 .

1829 917 1942 953 Berks.

1351 1006 1515 1059 THomas
1530 1007 1669 1043 Coventry
1691 1002 1790 1050 BIiles,
1802 1007 1868 1051 *Do-¹

1423 1054 1510 1074 mmus
1531 1042 1624 1083 Custos
1648 1045 1750 1080 Magnt
1777 1041 1867 1080 Stgtllt

1302 1072 1304 1074 μ
1350 1081 1455 1117 Anglie
1463 1105 1472 1120 ,

1387 1120 1510 1158 Jacobus
1522 1122 1657 1149 Dominus
1667 1123 1723 1157 Ley
1729 1143 1738 1158 ,
1747 1120 1864 1160 Thesau-

1349 1162 1438 1187 rarius
1454 1157 1575 1195 Anglie,

1384 1200 1520 1226 Henricus
1535 1199 1563 1225 V
1563 1201 1683 1226 icecomes
1691 1198 1867 1236 Mandevill,

1349 1236 1486 1265 Dominus
1503 1234 1594 1274 Prefi’s
1607 1237 1723 1265 Privati
1737 1236 1863 1277 Consilii,

1384 1274 1539 1304 Edvardus
1546 1278 1636 1303 comes
1645 1277 1687 1304 W
1686 1277 1786 1312 igornie
1797 1299 1806 1314 ,
1815 1279 1866 1305 Cu-

1338 1310 1396 1350 stos
1410 1315 1526 1342 Privati
1538 1311 1640 1351 Sigilli,

1340 1386 1367 1427 f
1384 1349 1547 1418 Zfillielmus
1563 1354 1590 1380 V
1590 1354 1709 1381 icecomes
1725 1351 1862 1391 Walling-

1362 1400 1391 1418 or
1421 1412 1430 1426 ,

1380 1427 1530 1466 Johunnes
1545 1426 1688 1465 Epiftopus
1701 1432 1800 1459 Sarum
1808 1453 1817 1468 ‚

1382 1467 1514 1496 Robertus
1531 1465 1676 1504 Epifiopus
1691 1467 1819 1507 Bristoll,

1382 1504 1497 1534 Thomas
1514 1505 1658 1533 Edmonds
1674 1506 1773 1544 Miles,
1793 1506 1863 1536 The-

1336 1542 1481 1582 saurarius
1495 1542 1628 1581 Hospitii,

1383 1584 1555 1611 Laurentius
1563 1581 1690 1620 Zinfield
1695 1582 1779 1612 Miles
1788 1607 1798 1621 ,
1807 1587 1861 1613 Ca-

1340 1619 1437 1659 pitalis
1451 1624 1542 1656 Baro,

1382 1658 1549 1689 Willielmus
1565 1658 1647 1693 Jonas
1670 1655 1773 1697 Miles}
1793 1671 1861 1689 unus

1343 1696 1489 1736 Justiciar'
1501 1698 1542 1726 ad
1555 1696 1664 1725 I'lacita
1674 1719 1683 1733 ,

1380 1736 1504 1775 Jacobus
1513 1734 1664 1766 Whitlocke
1673 1735 1756 1765 Miles
1766 1759 1774 1774 ,
1795 1748 1864 1767 unus

1344 1775 1490 1814 Justiciar’
1506 1775 1546 1803 ad
1558 1773 1667 1803 Placita
1678 1796 1687 1811 ,

1381 1813 1528 1853 Johannes
1536 1812 1667 1842 Denham
1677 1812 1760 1842 Miles
1767 1836 1777 1852 ‚
1796 1825 1864 1845 unus

1343 1856 1488 1883 Baronum
1501 1855 1634 1881 Scaccarii
1642 1874 1652 1889 ‚

1379 1891 1526 1931 Johannes
1542 1893 1650 1920 Davies
1673 1889 1775 1930 Miles,
1793 1903 1862 1924 unus

1341 1934 1518 1962 Servientum
1532 1932 1610 1966 Regis
1619 1953 1629 1968 ‚

1378 1968 1538 2008 Francifius
1553 1967 1662 1998 Knollis
1680 1967 1782 2008 Miles,

1381 2008 1536 2039 Rirhardus
1553 2006 1691 2037 Lovelace
1709 2008 1810 2046 Miles,

1379 2047 1495 2077 Thomas
1512 2045 1624 2076 Vachell
1636 2045 1720 2075 Miles
1730 2069 1740 2085 ,

1378 2086 1512 2117 Robertus
1527 2087 1557 2115 H
1559 2085 1606 2123 yde
1622 2084 1723 2124 Miles,

1381 2128 1529 2155 Antonius
1543 2124 1652 2153 Bar-ker
1668 2123 1772 2163 Miles,

1381 2164 1535 2194 Edvardus
1546 2165 1646 2192 Lewes
1656 2162 1739 2192 Miles
1747 2186 1756 2201 ,

1381 2202 1494 2233 Carolus
1507 2202 1640 2231 Howard
1651 2201 1736 2230 Miles
1745 2224 1754 2238 ,

1378 2244 1513 2271 Henricus
1529 2242 1649 2279 fliartyn
1665 2240 1767 2278 stilles,

1382 2280 1515 2311 Rohertus
1523 2278 1636 2308 Knollis
1650 2278 1733 2308 Miles
1743 2301 1752 2316 ‚

1379 2318 1496 2349 Gabriel
1509 2319 1612 2356 Dowse
1627 2316 1730 2354 Miles,

1379 2357 1494 2388 Thomas
1510 2358 1598 2386 Reade
1611 2355 1695 2385 Jl1iles
1705 2378 1716 2393 ‚

1381 2396 1531 2426 Richardus
1543 2393 1681 2433 Harrrfim
1699 2391 1782 2423 Miles
1793 2415 1803 2431 ‚

1379 2435 1539 2465 Edmundus
1558 2436 1672 2472 Sawyer
1689 2431 1790 2467 Miles,

1383 2471 1624 2504 Vicecancellarius
1658 2469 1859 2510 Univerfitatis

1344 2517 1437 2543 Oxon.
1445 2522 1495 2552 pro
1508 2518 1623 2548 tempore
1631 2533 1641 2545 ,

1377 2551 1526 2590 Johannes
1548 2547 1645 2579 Bowle
1666 2549 1796 2576 Decanus
1809 2548 1859 2575 Sa-

1341 2601 1401 2620 rum
1411 2612 1422 2627 ,

1941 1002 2092 1041 Johannes
2108 1004 2257 1043 Ashcomhe
2265 1030 2282 1045 „

1941 1041 2091 1079 Johannes
2104 1044 2261 1083 Saunders,

1926 1117 2132 1161 ‚Coniundtim
2151 1121 2184 1151 &
2199 1123 2314 1153 divisim
2335 1124 2425 1161 Justi-

1904 1157 1971 1187 ciar’
1984 1157 2068 1188 Pacis
2081 1159 2110 1187 in
2123 1158 2218 1202 Com'
2236 1163 2366 1202 predifft,

1941 1195 2080 1234 Quorum
2092 1196 2178 1235 aliqui
2194 1200 2368 1236 prefatorum

1942 1275 2054 1302 Domini
2068 1272 2185 1312 Custodrs
2193 1298 2202 1312 ‚

1941 1315 2053 1341 Domim
2067 1310 2208 1350 Thesaur’,

1939 1353 2053 1380 Domini
2069 1350 2247 1392 Preficli‘ntis,

1940 1393 2052 1419 Comitis
2069 1392 2205 1427 H'igorn'‚

1937 1430 1966 1457 V
1967 1431 2109 1458 icecomitis
2127 1432 2137 1458 1
2141 1430 2318 1470 Vallingford
2323 1456 2332 1471 ,

1941 1466 2064 1506 Episiopi
2078 1472 2177 1497 Sarum
2187 1492 2196 1506 ‚

1939 1506 2063 1545 Epistopi
2079 1506 2206 1545 Brstolf‚

1939 1545 2036 1573 Thonis>
2052 1546 2192 1575 Eds-noisds
2208 1547 2330 1585 fimitis,

1939 1583 2089 1612 Laurencii
2099 1584 2187 1623 'Ernfii
2198 1584 2227 1613 [d
2241 1586 2355 1626 Militis,
2366 1592 2388 1617 C
2387 1602 2420 1618 a·

1895 1619 1994 1656 pitalis
2010 1624 2129 1650 Barom's
2137 1645 2146 1660 ‚

1938 1658 2085 1689 [Vil'lielmi
2101 1660 2190 1698 Jones
2205 1662 2309 1692 Militi-'s
2319 1687 2327 1702 ,
2345 1668 2423 1694 unius

1900 1695 2046 1735 Justssriar’
2065 1700 2103 1727 ad
2115 1699 2226 1729 placita
2236 1724 2243 1736 ,

1940 1738 1959 1753 *
1977 1735 2080 1773 Jmſtr‘
2106 1736 2259 1769 lb'hitlbcke
2289 1741 2394 1773 Militis
2440 1751 2459 1771 a
2464 1752 2532 1781 XV1

1901 1777 1979 1803 unius
1994 1775 2143 1813 Justiciar'
2160 1776 2201 1806 ad
2213 1777 2339 1817 Plucita,
2411 1767 2421 1781 ²
2462 1796 2498 1827 69

1939 1812 2084 1851 Johannis
2105 1815 2237 1845 Denham
2251 1817 2373 1858 Militis,
2387 1833 2420 1850 u-
2441 1802 2459 1829 5
2502 1814 2508 1821 ¹

1903 1855 1963 1881 nius
1981 1854 2124 1883 Baronum
2137 1857 2271 1884 Scaccarii
2280 1879 2288 1893 ,

1935 1890 2079 1928 Johannis
2088 1894 2200 1923 Dae-ies
2207 1892 2328 1935 Militis,
2344 1901 2424 1929 unius

1898 1930 2023 1960 Servien'
2036 1934 2133 1970 Regis,
2415 1935 2423 1938 ⁴

1936 1969 2074 2008 Francifci
2089 1970 2204 2009 Knollys
2220 1971 2341 2013 Militis,

1938 2007 2080 2038 Richardi'
2094 2009 2234 2040 Lovelace
2253 2013 2378 2052 Milites,

1937 2045 2037 2076 Thome
2053 2047 2166 2077 Vachell
2183 2049 2308 2091 Militis,

1937 2085 2051 2115 Roberti
2068 2087 2147 2125 Hyde
2165 2088 2270 2118 Militis
2281 2112 2290 2126 ‚

1937 2127 2060 2153 Antonii
2078 2125 2188 2155 Barker
2203 2126 2327 2168 Militis,

1938 2163 2073 2192 Edvardi
2088 2167 2189 2194 Lewes
2207 2165 2328 2206 Militis,

1935 2201 2030 2231 Caroli
2046 2203 2177 2232 Howard
2190 2204 2295 2235 Militis
2305 2229 2316 2244 ,
2364 2225 2367 2228 -

1936 2243 2052 2269 Henrici
2067 2243 2186 2272 flIarten
2202 2243 2325 2283 Militis,

1934 2278 2048 2308 Roberti
2061 2280 2174 2310 Knoll.·'s
2189 2281 2313 2319 Militis,

1935 2316 2062 2347 Gilherti
2075 2319 2178 2357 Doufiv
2193 2319 2312 2357 Militis,

1935 2354 2033 2384 rhome
2048 2358 2139 2385 Reade
2153 2356 2278 2395 Militis,

1934 2393 2066 2423 Richards¹
2079 2393 2217 2432 Harrison
2235 2395 2355 2435 stjilitis‚

1933 2431 2074 2460 Edmundi
2087 2435 2200 2471 Sawyer
2219 2435 2324 2464 Militis
2331 2458 2341 2473 ,

1931 2469 2139 2499 Vicecancellar'
2167 2472 2353 2512 Univerfitat'
2375 2479 2417 2506 0-

1894 2515 1951 2536 xon
1961 2529 1970 2543 ,

1930 2543 2075 2583 Johannis
2083 2546 2180 2575 Bowle
2187 2551 2296 2580 Decani
2305 2555 2405 2582 Sarum

1933 2583 2069 2614 Edvardi
2084 2585 2180 2615 Clerke
2195 2587 2317 2630 Militis,
2335 2577 2416 2621 uniu}

1378 2626 1536 2658 Edwardus
1553 2623 1652 2655 Clarke
1665 2645 1674 2660 ,
1701 2633 1770 2652 unus
1790 2624 1859 2651 Ma-
1896 2622 2093 2660 Magistrorum
2110 2624 2275 2664 Cancellar'‚

1337 2666 1479 2706 gistrorum
1495 2664 1560 2694 Cur’
1578 2660 1730 2692 Cant-ellar’
1770 2701 1774 2706 .

1378 2703 1491 2735 Samuel
1501 2701 1648 2732 FellSacre
1653 2682 1789 2735 Theologie
1797 2700 1857 2727 Do-

1340 2746 1572 2812 stollrl‘armaducus
1581 2780 1610 2808 L
1606 2787 1668 2818 yme
1683 2777 1785 2813 Legum
1794 2777 1854 2804 Do-

1337 2823 1397 2853 δῖον

1375 2863 1399 2889 F
1398 2843 1532 2895 iancifius
1548 2857 1592 2885 W
1600 2852 1754 2885 ndebancke
1761 2873 1771 2890 ‚

1374 2895 1485 2928 Samuel
1495 2866 1653 2933 Bakelous}
1659 2917 1670 2932 ,
1754 2932 1758 2936 Ι

1375 2934 1529 2966 Edvardus
1544 2933 1638 2963 clerke
1646 2933 1677 2961 de
1685 2927 1853 2967 Aultngton,

1378 2980 1413 3004 W
1415 2972 1486 3003 illiel
1491 2984 1505 2999 ι,
1510 2983 1540 3002 us
1553 2969 1715 3009 Stonehouse
1723 2995 1734 3010 ‚

1380 3015 1423 3043 W
1422 3011 1525 3041 alterus
1540 3008 1673 3050 Dayrell,

1377 3050 1490 3081 Carolus
1506 3050 1549 3079 W
1547 3047 1648 3088 ifhman
1655 3070 1666 3086 ,

1934 2661 2072 2699 Francifti
2086 2663 2129 2692 W
2128 2663 2280 2695 indebanke
2289 2689 2300 2705 ‚

1931 2700 2061 2729 Samuelis
2076 2701 2233 2742 Bakhoufi'‚

1931 2738 2064 2768 Edvardi
2078 2738 2180 2769 Clarke
2195 2743 2228 2771 de
2234 2740 2410 2784 Aulington,

1931 2776 2052 2806 lValteri
2061 2781 2110 2806 Da
2126 2777 2194 2816 rell,

1927 2815 2021 2844 Caroli
2039 2818 2090 2846 Wi
2103 2827 2199 2854 eman,

1928 2853 2074 2891 Johannis
2087 2856 2235 2894 Saunders,

1928 2891 1976 2922 Ad
1994 2891 2064 2923 Dies
2078 2893 2112 2923 &
2126 2893 2225 2933 Loca,
2244 2896 2306 2927 &c.

1929 2968 1963 2998 In
1979 2969 2059 3007 cujus
2077 2970 2134 3007 rei,
2149 2971 2213 3002 &c.

1929 3006 1971 3036 T.
1986 3006 2025 3037 R.
2037 3015 2072 3038 rut
2087 3008 2175 3048 supra.

1804 3123 1929 3159 Bucks.

1343 3220 1398 3269 (1·-
1405 3216 1508 3243 Homas
1521 3216 1661 3251 coventry
1676 3211 1777 3251 Aliles,
1796 3215 1855 3241 Do-
1882 3207 1988 3250 sticiar’
2004 3207 2046 3236 ad
2054 3205 2181 3247 Placita‚

1411 3256 1498 3282 minus
1520 3250 1610 3290 Custos
1645 3253 1745 3288 .Magni
1769 3254 1787 3280 S
1789 3250 1858 3288 igilli

1343 3290 1446 3327 Anglie
1456 3313 1466 3328 ,

1379 3328 1503 3367 Jacohus
1527 3331 1660 3357 Dominus
1678 3330 1756 3366 Ley,
1781 3326 1851 3357 The-

1334 3367 1482 3405 saurarius
1496 3365 1600 3402 Anglie
1609 3390 1618 3403 ‚

1378 3408 1510 3435 Henricus
1525 3407 1552 3433 V
1550 3409 1670 3434 icecomes
1686 3403 1857 3441 Mandevill,

1342 3447 1475 3474 Dominus
1492 3442 1586 3483 Preses
1602 3445 1717 3471 Privati
1732 3441 1857 3481 Constlii,

1379 3482 1532 3512 Edvardus
1544 3486 1635 3512 comes
1644 3481 1781 3517 Wgornie
1787 3503 1797 3518 ,
1804 3485 1857 3511 Cu-

1332 3519 1390 3560 stos
1404 3524 1520 3551 Privata·
1530 3519 1634 3557 Sigilli,

1380 3562 1508 3596 Georgius
1524 3561 1593 3588 Dux
1608 3558 1698 3587 Bucks
1708 3580 1717 3595 ,
1736 3560 1856 3595 Magnus

1344 3597 1520 3627 Admirallus
1532 3596 1651 3634 Anglie,

1380 3636 1534 3666 Edvardus
1548 3639 1638 3665 Comes
1653 3633 1816 3674 Bedfhrdie,

1383 3674 1534 3713 Johannes
1548 3679 1639 3703 Comes
1653 3674 1856 3711 Bridge-water,

1381 3712 1538 3750 Ranulphus
1561 3716 1656 3741 crewe
1679 3712 1762 3741 Miles
1770 3736 1780 3750 ,
1797 3716 1853 3742 Ca-

1336 3752 1433 3795 pitalis
1446 3750 1592 3791 Justiciar'
1606 3751 1649 3780 ad
1659 3750 1769 3780 Pla-ita
1779 3772 1790 3788 ‚

1376 3790 1521 3831 Johannes
1535 3789 1706 3825 Dodderidge
1713 3789 1797 3819 Mil&
1803 3811 1813 3827 ,
1821 3800 1853 3818 u-

1340 3842 1390 3862 nus
1406 3828 1549 3867 Justiciar’
1561 3828 1601 3857 ad
1615 3828 1723 3857 Placita

1380 3867 1525 3907 Johannes
1541 3866 1669 3896 Denham
1678 3851 1762 3896 Miles
1770 3887 1780 3903 ,
1789 3874 1855 3896 unus

1342 3912 1482 3939 Baronum
1492 3928 1502 3943 ,
1516 3902 1577 3939 &c.

1379 3944 1502 3985 Jacobus
1517 3943 1669 3973 Whitlocke
1678 3942 1762 3974 Miles
1769 3964 1780 3981 ,
1787 3951 1855 3972 unus

1929 3249 2064 3277 Henricus
2079 3249 2136 3276 Lee
2152 3247 2236 3279 Miles
2250 3248 2290 3284 ό
2305 3253 2381 3280 Bar'

1927 3284 2043 3314 Thomas
2056 3286 2161 3326 Temple
2180 3288 2266 3317 Mle:
2283 3286 2323 3321 ό·
2338 3291 2409 3321 Bar'

1928 3321 2076 3360 Johannes
2091 3325 2261 3363 Pac-kington
2274 3325 2361 3357 Miles
2369 3352 2379 3367 ‚

1932 3361 2088 3399 Francifius
2101 3364 2234 3393 Goodwin
2250 3364 2350 3402 Mles,

1933 3399 2099 3431 Willielmus
2112 3402 2271 3432 Fleetwood
2284 3404 2384 3444 Miles,

1932 3437 2047 3467 Thomas
2059 3438 2233 3476 Tirringham
2251 3440 2352 3480 Miles,

1930 3478 2128 3508 Marmaducus
2139 3476 2258 3506 Darrell
2272 3479 2357 3509 Mles
2365 3506 2375 3518 ‚

1937 3516 1981 3543 W
1979 3514 2105 3545 illielmus
2118 3514 2234 3554 Barlase
2249 3517 2334 3546 Miles
2341 3540 2352 3556 ,

1929 3553 2042 3584 Thomas
2057 3557 2172 3583 Denton
2186 3552 2288 3591 Mles,

1931 3591 2088 3620 Fleetwood
2097 3594 2214 3621 Dormer
2228 3593 2314 3623 Miles
2324 3617 2334 3632 ‚

1929 3628 2082 3658 Richardus
2096 3628 2222 3671 Ingolsby
2237 3631 2323 3661 Miles
2322 3655 2340 3671 0

1930 3669 1974 3698 W
1971 3666 2094 3697 illielmus
2108 3668 2267 3698 Andrewes
2282 3670 2386 3710 Miles,

1928 3705 2059 3735 Robertus
2073 3706 2209 3745 Banastre
2227 3707 2330 3748 Miles,

1926 3743 2060 3773 Robertus
2072 3746 2185 3774 Lovett
2198 3746 2294 3776 Miller
2301 3772 2310 3785 ,

1927 3781 2079 3811 Edvardur
2093 3783 2194 3813 Tirrell
2202 3784 2303 3824 Miles,
2353 3801 2356 3804 ⁴

1925 3818 2074 3856 Johannes
2089 3823 2117 3850 K
2113 3822 2273 3862 ydermister
2289 3824 2374 3855 Miles
2380 3847 2391 3863 ,

1927 3857 2039 3887 Thomas
2054 3861 2112 3888 Lee
2127 3859 2228 3898 Miles,

1931 3897 2030 3934 Henry
2049 3897 2145 3935 Spiller
2159 3900 2246 3931 Miles
2254 3892 2275 3939 ,⁴

1931 3932 2084 3970 Rifhardus
2104 3940 2200 3969 More
2222 3938 2326 3978 mles,
2343 3950 2413 3969 unus

2343 3980 2413 4008 Ma-
