2536 4255
0 3955 15 3973 l.
54 3955 63 3962 ⁸

77 175 83 192 ¹
674 164 784 206 ET
870 159 1141 203 ACTA

1225 160 1712 204 PUBLICA.
2210 174 2258 217 31

5 280 11 287 .
27 253 68 286 D.
87 254 221 285 Diocesis
248 253 442 295 Bathonienfis
466 253 500 284 ὃς
526 251 664 291 Wllenfir
686 251 746 288 jam
766 247 956 291 legittime&
974 247 1009 277 de
1031 248 1088 283 jure
1106 256 1156 276 va-
1194 244 1339 281 &anteri-¹3
1357 247 1390 275 &
1408 245 1565 284 diriguntur
1582 247 1618 277 he
1632 247 1728 278 Litere
1745 247 1920 278 Reverendo
1936 249 1965 278 in
1976 245 2095 278 Christo
2103 245 2255 278 PatriDo-
2273 241 2341 274 Aun
2367 242 2408 277 D.

0 295 30 325 28
86 303 200 326 cantem
213 316 222 332 ,
242 295 274 324 &
293 295 327 323 ad
348 294 475 323 nostram
504 291 739 327 presentationem
766 297 816 324 pei·
838 286 1009 322 praVitatem*
1024 284 1155 315 simonie
1193 283 1277 312 mino
1294 284 1454 320 Leonardo,
1472 283 1652 323 Bathonienfi
1668 286 1701 315 &
1723 286 1850 326 PVellenfi
1865 286 2016 324 Episcopo.

5 346 32 368 4.

22 380 32 398 1

0 880 40 907 71.

9 2620 55 2648 66.

81 332 137 362 hac
152 333 216 363 vice
230 333 247 362 s
261 333 418 369 ouantem,
439 331 472 360 δε
486 329 645 367 diriguntur
661 327 696 355 he
714 326 807 354 Litere
822 324 1001 367 Reverendo
1015 325 1044 353 in
1062 323 1151 353 Chri-

82 372 127 400 sto
147 371 220 400 Patri
237 343 372 401 ssoniino
389 366 550 402 Leonardo,
570 363 752 403 Bathonienfi
764 361 937 406 &utffellenfi
948 361 1102 405 Episcopo,

120 409 211 439 Teste
233 410 319 447 Rege
337 408 411 447 apud
433 402 691 444 Westmonasterium
709 424 720 440 ,
743 401 859 431 decimo
885 404 993 431 octavo
1023 400 1068 430 die
1088 401 1148 429 No-

84 448 217 477 vembris.

121 525 278 554 Lodovicus
296 520 449 558 Gwillims,
468 518 613 554 Clericus,
637 519 667 547 in
687 516 801 547 Artibus
819 516 1037 560 Baccalanreus,
1057 516 1142 545 habet

84 564 245 593 conlimiles
265 561 369 591 Literas
389 559 519 589 Parentes
537 557 573 586 de
590 557 793 593 presentatione
806 557 840 586 ad
853 555 993 585 Vicariam
1008 555 1044 584 de
1054 553 1146 583 Llau-

84 600 217 631 devachle
241 599 304 628 alias
322 594 512 628 Llandevalle
531 594 662 625 Diocefis
682 593 856 635 Menevenfis
870 594 930 631 jam
956 593 1095 634 legittime
1113 593 1147 622 &

83 641 119 670 de
134 650 195 677 jure
215 645 381 672 vacantem,
401 635 434 665 ὅ(
451 634 485 664 ad
506 633 632 663 nostram
652 632 887 669 presentationem
906 632 993 669 pleno
1009 640 1072 667 Jure
1099 630 1145 660 vel

81 678 176 715 aliquo
192 676 246 705 alio
266 684 386 713 quocun
411 683 445 703 ue
466 672 556 702 modo
571 671 762 709 speetantem3
781 671 814 701 &
834 671 992 705 diriguntur
1012 670 1050 698 he
1065 667 1146 698 Lite-

82 726 112 746 re
137 713 311 745 Reverendo
333 714 363 743 in
391 711 510 742 Christo
537 710 613 741 Patri
636 707 774 740 Domino
800 708 962 748 Theophila,
979 706 1145 747 Menevenfi

82 753 237 790 Episcopo.

117 789 208 821 Teste
224 789 308 830 Rege
326 798 358 820 ut
374 789 462 826 supra.

115 870 249 898 Henricus
265 866 369 904 Right,
387 865 534 902 Clericus,
553 864 582 892 in
603 862 718 893 Artibus
735 861 888 901 Magister,
907 860 992 892 habet
1007 860 1141 891 consimi-

78 908 118 938 les
146 906 254 937 Literas
280 905 411 936 Patentes
434 903 469 933 de
496 902 699 939 presentatione
726 902 807 932 beate
832 904 927 930 Maria
945 901 973 929 in
1001 898 1148 938 stamford

81 945 215 976 Diocesis
234 940 377 977 Lincolnie
390 943 450 980 jam
469 940 610 978 legittime
629 942 662 972 δε
680 940 716 970 de
729 941 791 977 jure
809 947 957 970 vacantem
968 960 977 976 ,
996 940 1030 969 &
1044 940 1077 968 ad
1094 947 1148 967 no-

81 984 167 1014 stram
191 983 427 1022 presentationem
456 979 544 1016 pleno
566 980 628 1017 jure
651 978 850 1017 speetantem3
877 978 910 1008 ὃς
934 977 1093 1015 diriguntur
1111 977 1148 1006 he

82 1023 179 1053 Litere
206 1018 380 1053 Reverendo
405 1020 437 1049 in
455 1016 560 1048 Chisto
587 1017 662 1048 Patri
680 1017 817 1048 Domino
837 1016 984 1054 Johanni,
1004 1014 1147 1045 Lincolnie

80 1061 106 1092 E
128 1061 186 1090 isco
208 1070 236 1091 ο.

109 1070 206 1129 13Γείῖξ
224 1098 306 1136 Rege
326 1095 402 1135 apud
434 1093 693 1135 westmonasterium
709 1116 719 1132 ,
749 1093 869 1125 decimo
890 1092 998 1123 oetavo
1022 1092 1066 1122 die
1086 1091 1148 1120 No-

80 1138 213 1169 vembris.

120 1214 283 1253 Framisbus
299 1216 427 1251 Merrer,
445 1211 593 1248 Clericus,
611 1209 639 1239 in
660 1209 778 1240 Artibus
795 1207 952 1246 Magister,
970 1208 1053 1239 habet
1070 1216 1144 1236 con-

42 1246 48 1252 ·
81 1255 183 1285 similes
199 1254 306 1284 Literas
326 1251 455 1281 Parentes
480 1251 517 1280 de
535 1249 738 1286 pretentatione
763 1248 798 1278 ad
818 1246 985 1278 Re&oriam
1013 1246 1048 1275 de
1071 1245 1146 1274 God-

81 1292 205 1332 manston
225 1290 355 1321 Diocefis
378 1287 556 1329 Brrstolienfis
566 1288 625 1325 jam
648 1288 774 1325 legitime
790 1287 823 1317 ὃς
843 1285 878 1315 de
892 1286 958 1323 jure
973 1292 1144 1330 vacantem,

80 1335 114 1364 &
134 1331 167 1361 ad
187 1329 313 1360 nostram
338 1329 573 1366 presentationem
590 1325 647 1355 five
669 1334 718 1362 per
735 1324 843 1362 lapsum
864 1332 1000 1362 temporis
1020 1323 1077 1353 five
1094 1332 1143 1360 per

80 1371 249 1410 pravitatem
268 1367 398 1398 Simonie
416 1365 470 1409 hac
489 1365 555 1395 vice
572 1363 767 1408 spectantem,
783 1364 816 1394 &
832 1362 989 1401 diriguntur
1009 1363 1045 1407 he
1065 1361 1145 1391 Lite-

83 1420 114 1439 re
134 1406 308 1438 Reverendo
323 1406 353 1434 in
372 1402 491 1434 Christo
509 1401 583 1433 Patri
602 1401 739 1432 Domino
762 1400 895 1439 noberta,
921 1400 1089 1440 Bristoltenfi
1104 1399 1145 1429 E-

82 1446 215 1554 pls's'}cg
225 1482 307 1520 Rege
322 1479 396 1518 apud
416 1477 672 1519 Westmonasserium
688 1501 698 1517 ‚
731 1477 870 1510 vicesimo
895 1479 989 1516 primo
1015 1477 1061 1507 die
1083 1478 1146 1506 No-

82 1534 148 1554 vem
181 1533 213 1553 ts.

120 1596 290 1631 'Alexander
309 1596 369 1627 Hui
384 1606 415 1635 J,
434 1595 564 1627 Clericus
579 1617 588 1632 ,
613 1595 696 1625 Sacre
719 1593 885 1633 Theologie
909 1594 1147 1631 Bacchalaureus,

82 1639 167 1671 habet
183 1634 343 1667 consimiles
390 1636 469 1665 iteras
488 1634 617 1664 Parentes
643 1633 679 1662 de
704 1633 905 1670 preseiitatione
923 1634 957 1664 ad
975 1633 1145 1663 ReStoriarn

81 1678 117 1709 de
134 1677 300 1712 Beckington
325 1674 454 1705 Dioceiis
473 1670 665 1713 Bathonienfis
685 1673 718 1702 ὅτ.
744 1671 882 1712 VVellenfis
903 1672 1040 1710 legittime
1059 1673 1092 1703 &
1111 1671 1147 1701 de

79 1718 141 1756 jure
161 1722 310 1746 vacantem
327 1737 337 1751 ,
361 1714 395 1744 &
421 1711 456 1742 ad
483 1709 612 1741 nostram
641 1710 878 1749 presentationem
897 1710 953 1741 five
969 1721 1018 1748 per
1038 1710 1146 1747 lapsum

82 1754 223 1792 temporis
246 1751 303 1781 five
329 1761 381 1788 per
406 1751 574 1788 pravitatem
593 1748 722 1778 Simonie
739 1749 796 1779 hac
817 1751 882 1779 vice
899 1749 1092 1789 specstantem3
1112 1749 1145 1779 δε

81 1794 239 1831 diriguntur
257 1790 296 1820 he
324 1789 419 1820 Litere
439 1786 613 1819 Reverendo
632 1788 662 1817 in
681 1785 801 1818 Christo
824 1787 901 1818 Patri
920 1787 1056 1818 Domino
1074 1789 1146 1817 Leo-

80 1830 168 1863 nardo
204 1827 385 1868 Bathoniensi
401 1827 435 1858 &
457 1824 583 1866 Wellenfi
599 1825 753 1864 Episcopo.

87 1909 104 1940 b
117 1853 208 1901 Teste
227 1867 309 1905 Rege
322 1866 398 1905 apud
416 1863 693 1904 Wqstmonasterz'um,
719 1864 859 1897 vicesimo
876 1864 999 1905 septimo
1017 1864 1063 1896 die
1082 1864 1145 1895 No-

105 1920 151 1941 ris.

122 1989 253 2021 Ricardus
267 1986 406 2027 Guttam,
426 1986 568 2025 Clericus,
587 1987 615 2017 in
636 1986 750 2018 Artibus
768 1985 923 2027 Magister,
945 1986 1031 2019 habet
1049 1985 1142 2018 confi-

84 2031 164 2060 miles
191 2030 297 2060 Literas
315 2026 445 2057 Parentes
463 2026 499 2055 de
516 2026 720 2065 presentatione
737 2026 772 2057 ad
789 2026 933 2057 Vicariam
951 2027 987 2057 de
1007 2025 1148 2056 Methers-

83 2068 146 2100 dale
167 2066 294 2097 Diocefis
312 2064 491 2105 Norwicenfis
516 2065 653 2104 legittime
679 2066 711 2095 δε
731 2064 768 2095 de
781 2065 846 2102 jure
871 2074 1042 2103 vacantem,
1059 2067 1092 2096 δὲ
1110 2064 1145 2095 ad

85 2106 214 2138 nostram
236 2103 472 2143 presentationem
497 2112 546 2142 per
571 2105 737 2141 pravitatem
755 2103 886 2135 Simonie
911 2104 964 2134 liae
992 2105 1057 2134 vice
1081 2103 1143 2141 spe-

85 2147 230 2183 ctantem3
249 2145 281 2173 δε
299 2143 460 2182 diriguntur
483 2141 522 2172 he
547 2142 644 2173 Litere
663 2142 839 2174 Reverendo
865 2143 895 2172 in
921 2140 1041 2173 Christo
1067 2142 1142 2173 Patri

85 2184 222 2215 Domino
240 2181 373 2218 samueli,
391 2180 565 2221 Norwicensi
580 2180 732 2219 Episcopo.

122 2221 211 2252 Teste
229 2220 314 2260 Rege
329 2218 404 2258 apud
424 2218 695 2259 Westmonasterium,
710 2220 807 2258 primo
826 2219 872 2250 die
890 2219 1054 2250 Decembris.

125 2302 283 2333 Edwardus
301 2303 427 2338 Burton,
447 2300 595 2338 Clericus,
613 2301 643 2331 in
659 2300 776 2332 Artibus
796 2301 950 2340 Magister,
969 2301 1055 2332 habet
1071 2309 1148 2331 con-

88 2341 189 2371 fimiles
205 2341 311 2371 Literas
329 2340 459 2370 Parentes
472 2341 509 2370 de
523 2339 727 2377 presentatione
743 2340 779 2370 ad
793 2339 961 2371 Redl‘oriam
975 2341 1011 2371 de
1022 2338 1147 2377 Selscom-

85 2379 118 2409 be
134 2378 263 2409 Diocelis
277 2377 441 2418 Cicestrenfis
456 2387 505 2415 per
519 2378 744 2415 deprivationem
756 2378 951 2410 incumbentis
966 2379 1075 2410 ibidem
1087 2379 1147 2416 jam

87 2426 254 2454 vacantem,
274 2418 307 2448 ὃς
321 2416 355 2447 ad
370 2416 496 2447 nostram
511 2416 748 2453 presentationem
770 2417 856 2455 pleno
871 2418 935 2454 jure
954 2418 1146 2455 spectantem,

88 2457 122 2488 &
136 2455 295 2493 diriguntur
309 2455 345 2484 he
360 2454 453 2484 Litere
470 2455 642 2486 Reverendo
656 2456 687 2485 in
704 2454 823 2486 Christo
840 2456 916 2486 Patri
940 2456 1076 2487 Domino
1099 2457 1150 2484 Ri-

89 2493 186 2529 cardo,
206 2492 359 2534 Cicestrenfi
372 2492 525 2529 Episcopo.

126 2531 217 2563 Teste
236 2530 318 2570 Rege
336 2531 407 2570 apud
435 2531 705 2571 Wessmonaslerium‚
724 2532 849 2564 secundo
868 2533 913 2565 die
929 2532 1091 2563 Decembris.

124 2613 238 2644 Thomas
255 2611 366 2651 Moule,
386 2612 534 2651 Clericus,
554 2613 581 2642 in
604 2613 721 2644 Artibus
740 2613 895 2653 Magister,
912 2615 996 2645 habet
1019 2613 1154 2644 consimi-

89 2652 130 2682 les
147 2653 256 2682 Literas
277 2651 404 2682 Patentes
420 2652 455 2682 de
476 2652 682 2688 presentatione
701 2652 734 2682 ad
755 2652 926 2683 Reeroriam
941 2654 977 2684 de
993 2649 1152 2689 Broughton

91 2692 213 2721 Hackett
233 2690 359 2721 Dioceiis
376 2689 565 2731 Wigornienfis
583 2699 632 2727 per
646 2698 771 2721 mortem
785 2692 876 2721 ultimi
890 2691 1086 2722 incumbentis
1100 2692 1155 2721 ibi-

91 2730 159 2760 dem
169 2730 231 2768 jani
248 2736 397 2759 vacantem
411 2730 444 2760 &
456 2728 491 2759 ad
507 2728 634 2759 nostram
651 2729 885 2766 presentationem
903 2731 989 2767 pleno
1003 2731 1065 2767 jure
1090 2729 1155 2766 spe-

92 2768 237 2804 etantemt,
255 2767 289 2798 &
305 2768 465 2804 diriguntur
477 2767 515 2797 he
531 2766 626 2798 Litere
638 2767 813 2800 Reverendo
827 2769 857 2798 in
871 2768 990 2800 Christo
1005 2769 1154 2801 PatriDo-

94 2807 177 2836 mino
188 2805 319 2844 Johanni
328 2828 337 2843 ,
357 2805 539 2846 Wigornienfi
552 2805 709 2844 Episcopo.

132 2844 222 2875 Teste
236 2845 318 2884 Rege
332 2845 408 2882 apud
423 2844 695 2883 Wesbmonasterium,
722 2845 847 2876 secundo
861 2845 907 2876 die
924 2847 1087 2878 Decembris.

136 2924 294 2955 willielmus
310 2924 433 2962 Pinder,
458 2922 603 2961 Clericus,
624 2926 653 2954 iti
672 2924 784 2956 Artibus
802 2925 962 2965 Magister,
980 2926 1065 2959 habet
1083 2938 1157 2958 con-

98 2963 199 2993 similes
215 2963 322 2993 Literas
344 2963 474 2993 Parentes
492 2964 528 2994 de
552 2963 757 3002 presentatione
774 2963 808 2994 ad
830 2964 998 2996 Re&0riam
1017 2968 1053 2997 de
1073 2964 1156 2996 Har-

95 3001 235 3041 vordstock
253 3001 383 3032 Diocefis
396 3001 513 3031 London
526 3003 589 3040 jam
600 3002 740 3041 legittime
753 3003 786 3033 &
808 3002 844 3032 de
857 3003 919 3040 jure
932 3013 1101 3043 vacantem,
1119 3007 1153 3036 &

95 3040 129 3070 ad
147 3039 274 3069 nostram
293 3039 527 3076 presentationem
545 3040 604 3070 five
623 3050 672 3078 per
692 3042 858 3078 pravitatem
876 3041 1005 3073 Simonie
1029 3043 1084 3074 five
1105 3053 1155 3081 per

96 3077 204 3117 lapsum
219 3078 358 3114 temporis
370 3077 423 3107 hac
436 3079 502 3109 vice
515 3078 532 3109 s
545 3079 705 3115 erstantenn
725 3081 757 3109 ὅ(
773 3078 929 3118 diriguntur
938 3080 976 3112 he
991 3081 1086 3112 Litere
1096 3082 1156 3113 Re-

97 3117 224 3148 verendo
238 3117 267 3145 in
284 3114 405 3145 Christo
419 3115 492 3145 Pati-i
541 3119 642 3147 omino
660 3121 701 3148 W
704 3117 830 3156 illielmo,
846 3119 961 3149 London
979 3120 1132 3159 Episcopo.

139 3156 229 3187 Teste
245 3154 327 3192 Rege
342 3152 417 3191 apud
436 3154 713 3196 lrtfflstmonasterinm,
731 3166 813 3187 nono
827 3156 874 3187 die
889 3158 1050 3197 Dereaezibris.

72 3268 79 3274 .
137 3237 156 3258 Ἰ
175 3236 266 3280 Joffia
280 3233 374 3272 Eliot,
393 3233 541 3272 Clericus,
559 3235 588 3265 in
608 3233 725 3267 Artibus
742 3235 899 3276 Magister,
917 3238 1001 3270 habet
1023 3241 1158 3271 consimi-

101 3276 140 3309 les
156 3276 265 3305 Literas
280 3273 410 3304 Parentes
422 3272 460 3303 de
481 3274 685 3312 pretentatione
703 3273 737 3305 ad
752 3272 892 3307 Vicariam
910 3277 946 3307 de
965 3278 1074 3317 Afhton
1093 3281 1157 3310 alias

103 3312 215 3354 Ashton
233 3312 327 3341 Blank
341 3311 472 3342 Diocefis
487 3311 717 3382 Gloucestrieffs,
736 3321 784 3349 per
799 3323 922 3346 mortem
937 3317 1029 3347 ultimi
1039 3318 1157 3349 Incum-

102 3354 194 3385 bentis
210 3351 315 3381 ibidem
328 3351 386 3389 jam
401 3359 570 3388 vacantem,
586 3353 619 3383 &
632 3361 648 3381 a
680 3349 808 3382 nostram
823 3353 1057 3390 presentationem
1071 3357 1157 3394 pleno

101 3393 160 3461 ’ἵζω
186 3390 374 3458 [Εεὲὶαηῑεως
391 3389 424 3419 δε
445 3387 603 3429 diriguntur
626 3389 665 3421 he
687 3389 781 3421 Litere
803 3389 977 3424 Reverendo
994 3394 1024 3425 in
1039 3393 1158 3426 Christo

129 3430 177 3461 atri
227 3429 328 3458 omino
343 3426 493 3465 GodfridO,
510 3427 605 3459 Glouce
628 3427 709 3475 rietfi
721 3427 874 3498 Episcopo.

103 3467 225 3538 brffieste
248 3466 330 3506 Rege
349 3466 422 3504 aPUd
441 3470 478 3494 W
473 3477 487 3494 e
512 3477 591 3498 mona
615 3477 726 3505 mum,v
762 3476 860 3499 ecirno
877 3479 958 3501 nono
976 3470 1022 3502 die
1046 3475 1163 3502 Decem-

143 3584 247 3614 Paulus
269 3582 380 3621 Millet,
400 3582 547 3619 Clericus,
567 3582 597 3612 in
611 3581 729 3615 Artibus
743 3582 902 3625 Magister,
918 3587 1006 3619 habet
1026 3589 1164 3621 confinii-

65 3619 72 3626 ’
105 3622 144 3652 les
162 3623 268 3654 Literas
283 3623 413 3653 Patentes
427 3621 462 3652 de
479 3620 681 3659 presentatione
697 3622 732 3653 ad
745 3622 892 3654 Vicariam
907 3625 942 3655 de
962 3629 1070 3657 Foxton
1085 3628 1163 3659 Dio-

107 3661 174 3690 cefis
192 3660 322 3701 Elienfis,
342 3670 390 3698 per
405 3669 529 3691 mortem
545 3658 637 3690 ultimi
652 3660 847 3692 Incumbentis
861 3663 966 3694 ibidem
978 3665 1038 3703 jam
1059 3676 1163 3698 vacan-

108 3707 184 3735 tem,
202 3700 235 3731 ὃς
254 3699 288 3729 ad
308 3698 433 3729 nostram
451 3698 685 3736 presentationem
701 3700 808 3730 ratione
829 3703 983 3733 vacationis
1004 3713 1075 3735 tunc
1094 3715 1164 3736 curn

109 3738 248 3768 morietur
264 3738 378 3768 ultimus
398 3737 572 3768 Incumbens
592 3736 671 3766 Sedis
694 3736 865 3775 Episcopalis
885 3739 1000 3780 Elienfis
1022 3744 1077 3774 hac
1098 3745 1164 3775 vice

109 3774 295 3812 spectanterm
317 3777 349 3807 δε
361 3776 518 3815 diriguntur
534 3776 570 3805 lic
591 3775 685 3805 Litere
704 3775 876 3808 Reverendo
899 3780 928 3810 in
948 3780 1069 3812 Christo
1086 3782 1163 3814 Patri

111 3812 245 3843 Domino
261 3813 406 3852 Johanni,
425 3814 487 3844 Elie
518 3824 526 3840 ι
540 3813 694 3851 Episcopo.

146 3850 235 3881 Teste
252 3851 332 3890 Rege
348 3852 420 3891 apud
435 3856 485 3883 We
508 3852 715 3891 monasterium,
730 3853 867 3884 vicesimo
881 3856 975 3893 primo
987 3856 1032 3889 die
1046 3857 1133 3897 Julii.

151 3929 292 3966 'Johannes
306 3930 406 3969 Hunt,
424 3931 571 3971 Clericus,
590 3934 620 3964 in
638 3932 752 3965 Artibus
767 3933 920 3973 Magister,
938 3935 1021 3966 habet
1035 3940 1169 3970 consimi-

71 3965 81 3975 ’
111 3964 155 3999 lez*
166 3970 271 3998 Lreras
287 3969 412 3999 Parentes
425 3970 460 4001 de
475 3971 676 4009 presentatione
690 3973 722 4002 ad
742 3971 906 4003 Rec‘toriam
923 3974 957 4004 de
971 3973 1167 4013 ExfordDio-

112 4008 179 4038 celis
192 4006 379 4047 Bathonienfis
394 4009 427 4038 δε
447 4008 584 4052 lVellenfis
594 4011 654 4048 jam
671 4011 804 4049 legittime
827 4013 859 4042 &
880 4012 915 4041 de
927 4013 990 4050 jure
1007 4023 1168 4054 vacantem,

112 4049 143 4077 ὅς
161 4046 194 4077 ad
207 4046 330 4077 nostram
346 4045 578 4085 presentationem
588 4059 636 4087 per
644 4052 810 4088 pravitatem
818 4050 945 4082 Siinonie
960 4052 1014 4081 hac
1029 4054 1093 4085 vice
1107 4057 1169 4092 spe-

2298 283 2383 313 1628.

2271 324 2323 349 An.
2341 332 2369 357 4.

2272 363 2333 388 Car.
2359 369 2387 390 1.

1232 403 1365 431 Henrrcus
1385 398 1487 436 Willis,
1520 398 1664 437 Clericus,
1684 403 1711 431 in
1737 402 1851 432 Artibus
1872 403 2024 443 Magister,
2042 405 2130 436 habet
2155 403 2252 435 consi-
2272 409 2321 434 No.
2340 409 2384 434 σι,

1195 440 1275 469 miles
1293 439 1396 469 Literas
1412 436 1539 467 Parentes
1553 438 1588 468 de
1605 441 1806 474 preientatione
1821 441 1854 470 ad
1871 442 2038 472 Rec’toriam
2053 444 2089 474 de
2102 441 2249 480 Traoffone

1193 477 1324 508 Diocefis
1348 474 1576 514 Petriburgenfis,
1599 485 1646 512 per
1671 486 1794 507 mortem
1816 479 1907 509 ultimi
1926 479 2123 511 Incumbentis
2143 475 2251 511 ibidem

1188 516 1249 553 jam
1267 522 1432 551 vacantem,
1451 513 1484 543 &
1497 515 1531 543 ad
1546 513 1672 543 nostram
1686 516 1917 551 presentationem
1939 519 2024 557 pleno
2037 519 2100 556 jure
2124 520 2251 556 speritan-

1192 563 1268 592 tem,
1289 554 1321 584 &
1335 553 1493 588 diriguntur
1510 551 1546 581 he
1561 551 1655 581 Litere
1668 551 1839 582 Reverendo
1852 556 1880 583 in
1897 555 2012 586 Christo
2025 556 2098 587 Patri
2114 557 2250 588 Domino

1193 592 1306 629 Thema,
1325 589 1525 630 Patriburgenfi
1537 589 1690 626 Episcopo.

1231 630 1322 661 Teste
1345 629 1427 668 Rege
1449 628 1523 666 apud
1551 627 1809 668 Westmonasterium
1828 651 1837 665 ,
1863 629 1976 661 decimo
2000 641 2099 670 quarto
2122 633 2168 664 die
2189 633 2251 672 Ja-

1197 679 1296 698 ssuarll·

1231 319 1323 350 Teste
1341 320 1425 357 Rege
1443 322 1518 358 apud
1539 322 1815 361 westmonasterium,
1832 325 1938 355 ostavo
1956 325 2001 355 die
2017 325 2163 364 Januarii.

1229 741 1376 783 Johanner
1390 742 1535 782 Gardner,
1555 742 1703 781 Clericus,
1723 743 1751 772 in
1768 741 1885 773 Artibus
1899 742 2054 782 Magister,
2073 747 2154 777 habet
2174 758 2247 779 con*
2272 753 2322 778 No.
2338 752 2385 777 ους

1191 784 1294 814 similes
1313 784 1421 814 Literas
1435 782 1563 813 Parentes
1579 782 1615 812 de
1630 781 1837 819 presentatione
1853 781 1887 810 ad
1903 781 2070 813 Reti-oriam
2088 785 2122 815 de
2139 785 2244 826 Λίθων]

1192 821 1321 853 Diocesis
1335 825 1456 858 oxonie,
1462 821 1522 859 jam
1538 821 1678 858 legittime
1693 821 1727 850 &
1741 820 1777 850 de
1786 820 1849 857 jure
1856 827 2021 859 vacantem,
2040 824 2073 853 &
2083 823 2115 852 ad
2124 824 2250 854 nostram

1191 860 1427 898 presentationem
1441 859 1498 890 five
1514 869 1561 897 par
1576 858 1682 896 lapsum
1699 859 1835 893 temporis
1844 857 1901 887 five
1916 868 1965 895 per
1980 862 2138 895 pravitatem
2153 861 2252 890 Simo-

1191 900 1255 935 nie,
1271 898 1328 929 five
1343 908 1396 936 pro
1408 897 1521 928 defectu
1536 897 1740 935 prosecutionis
1754 896 1921 926 liberationis
1943 898 2051 927 Patroni
2068 899 2144 929 dicke
2152 898 2253 929 Eccle-

1192 937 1229 967 sie
1244 937 1299 967 hac
1316 937 1381 967 vice
1402 937 1594 975 spectantem,
1611 936 1645 966 &
1660 935 1821 974 diriguntur
1840 933 1879 964 he
1910 934 2004 965 Litere
2030 936 2202 968 Reverendo
2221 939 2251 968 in

1192 975 1311 1006 Christo
1328 975 1404 1006 Patri
1422 975 1556 1005 Domino
1571 973 1689 1004 Ricardo
1724 976 1829 1002 Oxom'e
1849 972 2003 1010 Episcopo.

1229 1012 1319 1044 Teste
1336 1014 1418 1052 Rege
1433 1012 1508 1052 apud
1523 996 1806 1052 Wqstmonasteriun1‚
1824 1011 1938 1041 decimo
1952 1011 2029 1042 sexto
2048 1012 2094 1042 die
2108 1013 2252 1050 Januarii·

1229 1093 1386 1132 Radulphus
1400 1094 1532 1130 Skinner,
1552 1092 1700 1130 Clericus,
1718 1092 1804 1124 habet
1820 1091 1980 1124 consimiles
2002 1091 2109 1122 Literas
2126 1091 2254 1123 Parentes
2274 1100 2322 1123 No.
2342 1104 2387 1130 59.

1191 1132 1227 1162 de
1241 1132 1447 1170 presentatione
1462 1133 1496 1162 ad
1513 1132 1654 1162 Vicariam
1674 1131 1710 1161 de
1728 1132 1820 1171 Allan
1836 1134 1960 1161 Rowant
1984 1129 2114 1160 Diocesis
2131 1134 2252 1168 Oxonie,

1191 1181 1242 1208 per
1257 1179 1382 1201 mortem
1398 1170 1491 1201 ultimi
1509 1169 1708 1200 incumbentis
1721 1171 1830 1200 ibidem
1844 1171 1902 1207 jam
1917 1178 2083 1206 vacantem,
2102 1170 2136 1200 Sc
2151 1169 2184 1198 ad
2201 1179 2257 1198 no-

1191 1209 1277 1238 stram
1293 1209 1531 1248 presentationem
1546 1208 1632 1244 pleno
1645 1209 1704 1242 iure
1719 1207 1910 1246 sped'cantem,
1928 1209 1962 1239 <Sc
1976 1208 2139 1245 diriguntur
2153 1208 2188 1237 he
2207 1208 2256 1237 Li-

1193 1256 1251 1278 tere
1271 1247 1446 1279 Reverendo
1462 1247 1493 1277 in
1506 1246 1628 1277 Christo
1644 1246 1720 1277 Patri
1742 1247 1878 1278 Domino
1899 1246 2036 1284 Ricardo‚
2054 1249 2163 1275 Oxonie
2184 1245 2254 1283 Epi-

1195 1296 1233 1317 co
1255 1296 1284 1316 o.

1225 1295 1315 1370 'feste
1337 1323 1418 1363 Rege
1443 1323 1519 1362 apud
1539 1322 1804 1363 Westmonasterium
1821 1344 1830 1360 ,
1855 1323 1994 1354 vicefimo
2017 1324 2112 1361 primo
2134 1322 2180 1353 die
2198 1322 2260 1361 Ja-

1193 1373 1296 1394 nuarn.

1227 1439 1387 1470 Edwardus
1404 1439 1505 1478 Lloid‚
1524 1438 1672 1477 Clericus,
1690 1439 1719 1469 in
1742 1437 1860 1469 Artibus
1884 1434 2037 1477 Magister,
2056 1436 2142 1470 habet
2165 1434 2258 1471 consi-
2278 1443 2327 1468 No.
2346 1439 2393 1473 58.

1190 1480 1271 1510 miles
1291 1480 1397 1510 Literas
1412 1479 1545 1509 Patentes
1558 1478 1595 1508 de
1615 1478 1820 1516 presentatione
1838 1476 1874 1508 ad
1888 1477 2056 1508 Rectoriam
2072 1478 2169 1508 Saneti
2189 1481 2258 1508 Cut-

1191 1519 1264 1549 berti
1281 1516 1406 1556 Bedfhrd
1421 1517 1554 1548 Diocesis
1568 1516 1727 1552 Lincolnie‚
1746 1525 1796 1552 per
1812 1524 1937 1546 mortem
1953 1517 2045 1547 ultimi
2063 1515 2260 1547 incumbentis

1190 1556 1299 1587 ibidem
1315 1557 1371 1593 jam
1388 1564 1561 1593 vacantem,
1578 1557 1612 1587 δε
1635 1556 1670 1585 ad
1692 1554 1817 1585 nostram
1833 1555 2072 1591 presentationem
2090 1556 2174 1592 pleno
2194 1555 2258 1592 jure

1191 1595 1384 1633 spectantem,
1401 1595 1434 1625 &
1450 1594 1609 1633 diriguntur
1622 1594 1661 1624 he
1678 1593 1776 1624 Litere
1798 1591 1973 1625 Reverendo
1991 1594 2021 1624 in
2038 1592 2157 1624 Christo
2180 1592 2258 1624 Patri

1192 1635 1326 1666 Domino
1339 1631 1488 1670 Johanni,
1507 1631 1651 1663 Lincolnie
1670 1631 1823 1669 Episcopo.

1229 1671 1319 1703 Teste
1336 1671 1414 1709 Rege
1429 1670 1504 1709 apud
1522 1670 1796 1709 Westmonasberium,
1814 1670 1952 1702 vicesimo
1966 1672 2051 1702 tertio
2059 1670 2260 1710 dieJanuarii.

1229 1795 1376 1836 Tristamus
1391 1795 1529 1834 Dimond,
1546 1792 1730 1832 Clericus,in
1742 1793 1858 1825 Artibus
1868 1792 2259 1833 ixfiagistermabeteonfimi-
2278 1798 2327 1823 No.
2344 1801 2392 1831 57.

1203 1834 1241 1864 les
1264 1836 1371 1865 Literas
1385 1834 1422 1863 de
1435 1835 1639 1871 presentatione
1654 1835 1687 1864 ad
1702 1835 1818 1864 liberam
1834 1832 1982 1869 Capellam
1999 1835 2054 1864 sive
2066 1835 2207 1864 Vicariam
2223 1834 2259 1864 de

1192 1872 1334 1910 Foleslhell
1348 1873 1478 1903 Diocesis
1502 1872 1701 1913 Coventrie'rfis
1716 1874 1749 1902 δε
1772 1871 1926 1912 Lichensis,
1943 1882 1992 1910 per
2012 1882 2137 1903 mortem
2161 1874 2254 1902 ultimi

1193 1911 1393 1943 Incumbentis
1416 1911 1523 1942 ibidem
1536 1914 1594 1951 jam
1612 1920 1761 1943 vacantem
1778 1912 1811 1940 &
1827 1911 1861 1940 ad
1879 1910 2004 1940 nostram
2021 1911 2257 1948 presentationem

1193 1952 1281 1989 pleno
1292 1952 1355 1988 jure
1367 1950 1560 1988 speetanrem3
1577 1951 1609 1980 &
1624 1949 1782 1987 diriguntur
1798 1950 1836 1979 he
1848 1948 1942 1978 Litere
1952 1949 2124 1978 Reverendo
2135 1950 2164 1978 in
2173 1948 2260 1978 Cliri-

1195 1989 1241 2020 sto
1261 1989 1334 2019 Patri
1353 1988 1487 2019 Domino
1504 1989 1620 2026 Thome,
1635 1987 1826 2027 Coventriensi
1839 1987 1872 2017 &
1888 1987 2014 2026 Lichenfi
2031 1987 2186 2026 Episcopo.

1196 2066 1211 2096 b
1231 2027 1321 2058 Teste
1337 2028 1419 2067 Rege
1435 2028 1510 2066 apud
1519 2026 1771 2067 Westmonaslerium
1780 2050 1789 2065 ,
1811 2025 1947 2056 vicesimo
1959 2028 2066 2058 octavo
2078 2026 2124 2056 die
2135 2027 2261 2056 Novem-

1214 2077 1260 2097 ris.

1233 2146 1349 2176 Thomas
1367 2144 1516 2186 Bunhury,
1535 2145 1684 2182 Clericus,
1702 2144 1730 2175 in
1754 2138 1869 2174 Artibus
1887 2143 2042 2182 Magister,
2057 2144 2143 2174 habet
2167 2143 2262 2174 confi·
2281 2141 2328 2167 No·
2348 2147 2366 2173 5
2368 2140 2396 2167 6·

1196 2186 1276 2215 miles
1293 2186 1400 2216 Literas
1416 2184 1547 2214 Pateiites
1561 2184 1597 2214 de
1619 2183 1824 2222 presentatione
1841 2182 1875 2212 ad
1896 2182 2039 2213 Vicariam
2058 2185 2127 2212 cu‘m
2151 2181 2262 2212 Recio-

1196 2225 1234 2254 ria
1249 2224 1329 2253 beate
1348 2226 1443 2253 Martie
1458 2224 1486 2252 in
1505 2223 1626 2258 Readz‘ng
1642 2222 1777 2253 Diocelis
1785 2225 1900 2259 Sarum,
1916 2231 1963 2258 per
1978 2228 2103 2251 mortem
2114 2219 2263 2250 ultimiIn-

1194 2263 1356 2292 cumbentiS
1371 2261 1476 2292 ibidem
1490 2262 1547 2298 jani
1570 2270 1722 2292 vacantem
1734 2283 1744 2298 ,
1763 2262 1796 2292 ὃς
1820 2261 1853 2290 ad
1870 2260 1995 2289 nostram
2023 2259 2263 2298 presentationem

1194 2301 1281 2338 pleno
1304 2301 1369 2338 J'ure
1392 2300 1587 2338 speetantem,
1610 2301 1643 2330 &
1667 2299 1825 2338 diriguntur
1854 2298 1893 2328 he
1918 2298 2014 2328 Litere
2040 2296 2213 2328 Reverendo
2231 2298 2262 2326 in

1195 2338 1316 2370 Christo
1331 2341 1407 2371 Patri
1427 2338 1562 2368 Domino
1577 2337 1722 2375 Johanm,
1740 2340 1840 2367 Sarum
1864 2336 2020 2374 Episcopo.
2078 2339 2085 2343 '

1229 2376 1319 2408 Teste
1333 2379 1414 2417 Rege
1432 2377 1504 2415 apud
1520 2375 1791 2420 Wcstmonasterium,
1810 2376 1955 2407 tricesimo
1972 2376 2018 2405 die
2032 2374 2180 2413 Januarii.

1228 2457 1342 2487 Thomas
1361 2455 1474 2492 Alelen.
1492 2453 1636 2496 Clericus,
1658 2459 1690 2488 in
1709 2457 1825 2488 Artibus
1845 2455 1999 2494 Magister,
2026 2456 2112 2487 habet
2127 2455 2262 2486 confimi-
2281 2453 2331 2481 No.
2351 2463 2397 2489 55.

1194 2496 1233 2527 les
1253 2496 1358 2526 Literas
1383 2494 1510 2525 Parentes
1535 2493 1571 2524 de
1590 2498 1793 2533 presentatione
1812 2495 1846 2525 ad
1866 2495 2012 2526 Vicariam
2031 2505 2067 2525 oe
2090 2492 2258 2532 Brandford

1194 2539 1213 2565 S
1233 2535 1296 2564 eake
1325 2533 1455 2564 Dim-‘elis
1476 2535 1595 2564 Exont'ae
1613 2558 1623 2572 ,
1651 2545 1702 2572 per
1728 2543 1856 2565 mortem
1876 2533 1966 2563 ultimi
1989 2533 2183 2564 incumbentis
2202 2533 2260 2562 ibi-

1196 2544 1263 2603 ἄξῃ]
1276 2574 1336 2610 jam
1354 2573 1372 2591 ²*
1392 2578 1541 2603 vacantem
1554 2595 1563 2607 ,
1583 2575 1617 2604 &
1635 2574 1669 2603 ad
1689 2573 1817 2603 nostram
1835 2571 2068 2611 presentationem
2088 2572 2175 2608 pleno
2199 2572 2261 2608 jure
2277 2575 2292 2592 ⁶
2313 2576 2395 2603 XIX.

1196 2611 1213 2642 s
1226 2611 1385 2647 estantem3
1404 2612 1436 2653 ᾅε
1451 2610 1609 2647 diriguntur
1631 2612 1666 2641 he
1688 2611 1783 2641 Litere
1800 2610 1975 2642 Reverendo
1997 2611 2027 2640 iii
2049 2609 2166 2641 Christo
2186 2609 2263 2640 Patri
2287 2623 2331 2650 51·

1234 2651 1336 2680 omino
1352 2648 1488 2688 Josephe,
1509 2650 1619 2680 Exonie
1642 2649 1796 2688 Episcopo.

1237 2688 1326 2756 TZste
1347 2688 1432 2727 Rege
1454 2685 1530 2726 apnd
1553 2687 1828 2728 Wqslmonallerium,
1847 2687 1987 2720 vicesimo
2007 2697 2111 2726 quarto
2135 2688 2180 2719 die
2206 2690 2269 2718 No-

1203 2738 1265 2758 ven]
1285 2737 1334 2756 7¹15.

1238 2804 1387 2847 Johannes
1405 2805 1508 2843 White,
1529 2805 1676 2844 Clericus,
1694 2809 1723 2838 in
1749 2808 1867 2839 Artibus
1887 2808 2045 2848 Magister,
2061 2809 2144 2838 habet
2165 2807 2259 2838 consi-
2283 2815 2333 2838 No.
2350 2818 2396 2845 54.

1202 2850 1282 2877 miles
1298 2847 1407 2877 Literas
1423 2844 1554 2875 Parentes
1570 2845 1607 2875 de
1621 2846 1824 2884 presentatione
1838 2848 1872 2877 ad
1887 2847 2056 2878 Rectoriam
2078 2847 2112 2877 de
2134 2847 2266 2876 Carleton

1202 2885 1311 2916 Curlrw
1329 2883 1458 2915 Diocesis
1474 2882 1630 2922 Lincolnie,
1647 2886 1705 2922 jam
1717 2885 1862 2922 legittime
1877 2888 1909 2917 δε
1926 2887 1960 2916 de
1972 2887 2036 2924 jure
2050 2894 2199 2916 vacantem
2209 2907 2218 2922 ,
2231 2887 2265 2916 &

1201 2925 1235 2955 ad
1252 2924 1379 2954 nostram
1388 2922 1626 2964 presentationem
1643 2925 1699 2953 iive
1717 2934 1764 2960 per
1779 2924 1884 2963 lapsum
1903 2926 2049 2962 temporis,
2067 2923 2124 2954 five
2138 2933 2186 2961 per
2202 2934 2263 2960 pra-

1202 2964 1322 2994 vitatem
1336 2962 1454 2991 simonie
1467 2960 1522 2990 hac
1538 2969 1604 2990 vice
1618 2962 1634 2991 s
1649 2962 1804 2998 eetantem
1829 2964 1861 2993 ὃς
1877 2963 2037 2999 diriguntur
2047 2963 2082 2992 he
2091 2961 2188 2992 Litere
2205 2961 2266 2991 Re-

1203 3000 1328 3033 verendo
1345 3002 1373 3030 in
1389 2998 1508 3033 Christo
1526 2997 1601 3028 Patri
1654 3001 1757 3029 omino
1769 3000 1918 3039 Johanm‘,
1939 3000 2078 3030 Lincolnie
2095 2999 2249 3038 Episcopo.

1236 3039 1327 3070 Teste
1340 3038 1422 3077 Rege
1435 3037 1508 3074 apud
1526 3037 1795 3077 Westmonalterium‚
1812 3040 1937 3071 secundo
1952 3039 1996 3070 die
2012 3039 2165 3069 Februarii.

1238 3118 1390 3149 Timotheus
1406 3117 1506 3156 Shute,
1525 3118 1671 3156 Clericus,
1690 3119 1720 3149 in
1734 3117 1852 3149 Artibus
1866 3119 2021 3159 Magister,
2040 3119 2123 3150 habet
2131 3118 2265 3149 confinii-
2282 3124 2330 3148 No.
2348 3124 2395 3157 53.

1203 3158 1242 3188 les
1259 3158 1364 3188 Literas
1377 3156 1510 3195 Patentes
1522 3157 1556 3188 de
1572 3158 1779 3194 presentatione
1793 3158 1827 3187 ad
1844 3156 2012 3189 Re&oriam
2028 3159 2126 3188 San&
2141 3160 2264 3186 Trinita-

1205 3201 1241 3227 tis
1260 3195 1392 3226 Diocesis
1405 3197 1599 3234 Exonie‚jam
1613 3195 1753 3232 legittime
1768 3198 1801 3228 &
1815 3196 1850 3226 de
1862 3198 1920 3234 jure
1934 3205 2082 3227 vacantem
2092 3219 2100 3232 ‚
2119 3197 2150 3226 ἃ
2166 3195 2198 3224 ad
2209 3205 2264 3225 no-

1206 3235 1292 3265 stram
1305 3233 1543 3272 presentationem
1560 3235 1645 3272 pleno
1659 3235 1718 3271 jure
1730 3244 1779 3274 per
1793 3234 1898 3272 lapsum
1913 3236 2046 3272 temporis
2061 3235 2112 3264 liae
2127 3235 2189 3263 vice
2205 3234 2267 3270 spe-

1208 3274 1349 3311 ctantem,
1370 3274 1403 3303 ὃς
1414 3272 1573 3311 diriguntur
1590 3273 1627 3303 he
1642 3272 1739 3303 Litere
1753 3273 1928 3305 Reverendo
1941 3275 1970 3304 in
1983 3272 2101 3304 Christo
2114 3271 2189 3303 Patri
2202 3271 2269 3302 Do-

1205 3314 1288 3343 mino
1300 3310 1419 3350 Jofipho
1428 3334 1437 3348 ,
1453 3313 1563 3341 Eximi:
1577 3310 1730 3348 Episcopo.

1244 3352 1334 3382 Teste
1347 3349 1429 3389 Rege
1441 3349 1515 3390 apud
1531 3349 1793 3389 Westmonasterium
1807 3372 1816 3389 ,
1833 3360 1915 3382 nono
1927 3350 1972 3381 die
1985 3349 2134 3379 Februarii.

1244 3431 1394 3471 Johanner
1415 3431 1517 3468 Gibbs,
1537 3429 1682 3468 Clericus,
1701 3432 1731 3461 in
1754 3430 1869 3461 Artibus
1892 3429 2047 3469 Magister,
2063 3429 2149 3461 habet
2172 3430 2264 3460 consi-
2280 3442 2327 3466 Ne,
2348 3442 2396 3473 μς

1207 3474 1288 3502 miles
1305 3471 1411 3502 Literas
1425 3469 1555 3500 Patentes
1569 3470 1606 3500 de
1618 3470 1821 3507 presentatione
1834 3468 1868 3499 ad
1879 3467 2045 3499 Rectoriam
2062 3468 2097 3498 de
2114 3468 2265 3508 Chipstable

1207 3507 1339 3541 Diocesis
1361 3507 1551 3547 Bathonienfis
1572 3509 1606 3540 &
1627 3507 1779 3547 Wllenfis,
1792 3508 1853 3545 jam
1868 3506 2004 3545 legittime
2024 3507 2057 3538 ὅτ,
2078 3506 2114 3536 de
2130 3507 2192 3544 jure
2215 3517 2263 3537 va-

1208 3557 1322 3580 cantem
1338 3548 1370 3578 &
1385 3546 1419 3576 ad
1431 3546 1554 3577 nostram
1567 3546 1800 3586 presentationem
1810 3545 1881 3582 ,sive
1896 3553 1945 3582 per
1959 3543 2064 3582 lapsum
2081 3545 2219 3581 tempori>-
2233 3544 2266 3575 fi-

1208 3597 1245 3618 ve
1263 3596 1311 3624 per
1326 3588 1491 3623 pravitatem
1509 3585 1629 3616 simonie
1642 3585 1697 3615 hac
1714 3585 1778 3615 vice
1791 3582 1984 3620 spestantem3
2004 3584 2037 3614 &
2054 3582 2214 3619 diriguntur
2229 3583 2266 3613 lie

1210 3626 1307 3656 Litere
1322 3624 1496 3654 Reverendo
1511 3624 1539 3653 in
1561 3623 1678 3654 Christo
1688 3623 1763 3653 Patri
1778 3621 1913 3651 Domino
1922 3621 2066 3650 Leonardo
2075 3643 2085 3659 ,
2094 3619 2266 3651 Bathonienm

1201 3663 1232 3705 fi
1246 3665 1279 3695 &
1297 3661 1426 3700 lVellenfi
1438 3661 1592 3701 Episcopo.

1249 3701 1339 3732 Teste
1353 3701 1438 3738 Rege
1452 3699 1527 3738 apud
1543 3698 1813 3739 westmonasterium,
1832 3697 1989 3728 undecimo
2001 3697 2047 3728 die
2060 3697 2211 3728 Februarii.

1246 3782 1396 3823 Johannes
1408 3783 1530 3817 Harris,
1548 3779 1692 3818 Clericus,
1711 3780 1739 3809 in
1760 3778 1875 3808 Artibus
1892 3776 2048 3815 Magister,
2067 3777 2153 3808 habet
2171 3779 2267 3810 confi-
2283 3784 2332 3812 No.
2350 3787 2395 3816 51.

1213 3824 1292 3853 miles
1310 3822 1415 3852 Literas
1428 3820 1464 3849 de
1500 3817 1684 3849 resentatione
1698 3818 1731 3847 ad
1746 3816 1913 3847 Reetoriam
1937 3816 1973 3846 de
1994 3815 2174 3847 Courtenhall
2190 3818 2267 3848 Dio-

1213 3861 1281 3891 cesis
1296 3859 1471 3895 Petriburgen
1482 3868 1504 3885 is
1518 3866 1568 3894 per
1584 3855 1750 3887 Cess‘ionem
1766 3855 1857 3885 ultimi
1873 3854 2066 3885 Incumbentis
2083 3855 2187 3886 ibidem
2205 3857 2267 3894 jain

1214 3906 1363 3929 vacantem
1378 3898 1410 3927 &
1424 3896 1459 3926 ad
1474 3894 1600 3925 nostram
1615 3894 1846 3931 presentationem
1882 3893 1947 3923 leno
1956 3894 2018 3931 jure
2027 3893 2218 3932 spestantem3
2237 3897 2271 3927 δε

1217 3937 1373 3976 diriguntur
1388 3935 1427 3964 he
1441 3933 1533 3963 Litere
1549 3932 1720 3963 Reverendo
1734 3933 1763 3961 in
1779 3902 1895 3961 Chrisfo
1912 3930 1988 3962 Patri
2002 3931 2139 3963 Domino
2153 3932 2251 3962 Thome
2262 3956 2272 3972 ,

1215 3972 1418 4010 Peri-iburgenst
1433 3971 1586 4010 Episcopo.

1250 4012 1339 4044 Teste
1354 4011 1433 4049 Rege
1457 4008 1531 4048 apud
1544 4007 1818 4049 westmonasterium,
1837 4007 1955 4043 decimo
1968 4008 2045 4040 sexto
2063 4009 2109 4041 dic
2125 4010 2277 4041 Februarii.

2195 4092 2281 4117 Hum-
