2536 4255
219 42 302 95 πμ
645 26 1301 75 coNvENTtoN

67 127 150 160 Ann.
162 124 205 157 D.
220 128 269 159 the
296 123 397 156 Office
421 131 456 153 or
480 120 566 152 Place
590 119 628 150 of
645 118 740 150 cheife
753 117 891 158 Ingyneer
904 116 943 148 of
952 117 986 148 all
1003 116 1053 148 the
1069 115 1172 156 King’s
1185 115 1284 153 Fons,

94 167 182 204 1627.
224 164 352 202 Castles,
371 160 523 194 Fortreffes
537 158 593 190 and
609 157 818 190 Fortifications
833 157 937 197 during
951 157 995 187 his
1011 154 1091 196 Lyff.

71 210 125 235 An.
147 215 171 242 3.
1206 192 1241 224 P.
1262 190 1293 223 S.

71 249 136 272 Car.
169 253 191 270 r.

74 285 136 311 Pars
146 283 193 309 tri.-
605 276 660 304 Pro
678 275 798 304 Henrico
816 276 919 314 Rayne.

74 320 164 357 cefima
264 318 329 349 Rex
339 340 348 354 ,
364 315 485 345 decimo
509 312 616 344 octavo
630 313 677 342 die
695 313 819 351 Aprilis,
838 310 978 343 conceffit
992 313 1112 342 Henrico
1128 311 1222 346 Rayne
1236 305 1294 336 Of-

227 358 327 389 ficium
351 353 487 384 Custodis
512 353 608 383 tocius
630 351 701 382 illius
723 351 785 381 Soli
810 352 891 382 fundi
911 351 943 381 ὃς
962 351 1019 380 1οεί
1038 349 1132 379 vocat'
1145 344 1297 377 Marwood

225 399 322 432 Hagge
346 392 419 422 infra
441 390 619 421 Dominium
638 390 675 420 de
695 390 836 421 Barnard
848 389 937 430 Castle
951 390 982 419 in
997 387 1169 426 Episcopatu
1185 382 1296 415 Dunel-

224 434 304 473 mensi
318 431 437 462 durante
454 428 528 460 Vita.
1214 459 1248 491 P·
1266 459 1297 491 S.

73 367 172 398 quarta
182 379 191 390 ‚

74 403 126 428 No.
149 396 191 425 18.

75 553 137 579 ΡΜ
151 548 195 575 vi·
524 548 579 576 Pro
596 545 741 576 Edwardo
753 543 890 584 Stanhope
909 542 1013 573 Milite.

74 587 164 624 cefima
266 586 333 617 Rex
343 609 353 625 ‚
371 585 488 616 decimo
511 587 614 623 quinto
630 585 676 615 die
690 586 842 621 Januariz,
859 581 998 626 concessit
1014 577 1160 624 Edwardo
1172 575 1295 621 Stan-ho-

74 629 175 664 prima„
282 625 375 656 Militi
394 623 540 655 Officium
563 624 732 656 Seneschalli
754 624 786 653 &
809 621 944 651 Custodis
963 619 1052 649 Curre
1074 617 1143 648 Lete
1163 615 1295 660 &Nisus

75 669 126 694 No.
149 674 191 699 14·
254 665 330 695 ranci
346 663 395 693 Ple
417 664 435 693 ii
449 664 583 693 omnium
596 664 630 694 &
645 662 818 698 fingulorum
831 658 1081 689 Dominiorum&
1092 654 1293 685 Maneriorum

227 704 265 734 de
279 701 376 733 North
406 701 502 739 othing
515 701 578 733 alias
591 698 877 739 Northftothirigham
895 699 928 730 ὃ(
941 698 993 728 alia
1008 697 1038 726 in
1055 694 1205 725 comitatu
1217 691 1293 722 Ebo-

228 753 289 774 rum
303 742 420 773 durante
437 739 512 771 Vita.
1210 767 1244 799 P·
1263 767 1292 799 S.

496 857 550 886 Pro
573 852 722 885 Willielmo
746 852 892 884 Trumbull
905 850 943 887 ῤ’
960 849 1033 880 aliis.

76 870 191 943 qlligtsu,
270 896 335 928 Rex
344 895 546 942 ,duodecimo
558 894 603 925 die
617 896 706 937 Maii,
727 891 868 937 conceffit
885 889 1034 920 Willielmo
1047 883 1192 930 Trumbifll
1202 883 1297 929 senio-

77 949 128 974 No.
145 952 175 978 4.
230 937 253 967 ri
273 937 306 967 &
321 935 379 966 aliis
398 933 543 964 Officium
566 932 702 962 Custodis
715 932 798 962 Parci
811 931 846 962 de
863 926 1072 969 Easthansteed
1082 926 1114 957 &
1128 925 1250 956 aliorum
1266 932 1296 953 in

228 974 379 1006 Comitatu
392 974 479 1003 Berks
493 972 611 1002 durante
626 969 703 1001 Vita.

1213 999 1249 1031 P.
1269 999 1301 1031 S.

122 1098 183 1123 Pars
447 1091 501 1119 Pro
519 1089 629 1124 Georgia
649 1084 751 1123 thor-pe
768 1081 806 1118 ὠ·
823 1082 959 1122 Johanne
974 1081 1084 1121 Thorpe,

80 1132 204 1170 vicessma
270 1131 355 1169 Rex,
372 1128 510 1170 vicesimo
527 1128 572 1156 die
588 1126 754 1169 Nozjqnibris
764 1147 773 1161 ,
792 1122 932 1166 conceffit
947 1125 1060 1167 Gheorlgilo
1076 1118 1181 1164 Thorpe
1196 1119 1229 1150 &
1241 1115 1298 1155 Jo-

81 1173 180 1209 prima,
233 1171 320 1200 hanni
335 1168 438 1205 Thorpe
454 1166 527 1196 Filio
543 1165 593 1194 suo
609 1163 752 1193 Oinciuni
769 1162 854 1198 Aque
870 1161 966 1191 Ballivi
982 1161 1049 1190 Rivt
1066 1162 1121 1191 live
1133 1157 1300 1195 AqueTha-

82 1214 132 1239 No.
155 1219 197 1238 ti.
233 1209 306 1248 miste
320 1211 392 1239 inter
408 1206 535 1236 Fontem
547 1204 583 1233 de
597 1205 695 1232 stanes
712 1200 856 1242 &Caput
871 1199 994 1237 ejusdem
1012 1199 1086 1229 Rivi·
1098 1198 1216 1228 durante
1232 1195 1300 1226 Vita

233 1249 344 1280 eorum.
1218 1272 1252 1304 P·
1270 1271 1301 1303 S·

601 1360 656 1388 Pro
670 1355 809 1387 Timotheo
821 1359 934 1386 Turner.
1179 1391 1184 1397 ι

278 1401 343 1432 Rex
353 1422 362 1438 ,
379 1399 486 1430 octavo
501 1395 546 1426 die
559 1395 660 1434 Junii‚
679 1393 1085 1426 conceffitTimotheoTurner
1093 1389 1238 1434 Officium
1249 1389 1303 1420 So-

239 1440 382 1472 licitatoris
408 1436 527 1467 Domini
551 1435 638 1472 Regis
656 1436 685 1464 in
700 1435 834 1464 omnibus
851 1432 949 1463 Cauiis
963 1440 1062 1462 coram
1082 1430 1220 1459 Domino
1235 1429 1303 1458 Pre-

239 1479 344 1510 sidente
358 1478 388 1507 in
404 1474 535 1505 Consilio
550 1473 638 1512 Regis
651 1473 723 1503 infra
736 1471 975 1510 Principalitatem
984 1466 1304 1499 soutwallie&North-

237 1516 334 1549 wallie
348 1515 468 1546 durante
483 1513 556 1544 Vita.

116 1376 179 1402 Pars

83 1410 209 1447 tricesima

84 1457 182 1488 quarta
191 1469 197 1480 ,

85 1492 134 1517 No.
156 1497 170 1514 2
176 1497 201 1524 3.

1224 1543 1259 1575 P.
1280 1544 1309 1576 S.

122 1642 187 1667 Pars
621 1628 677 1657 Pro
699 1628 812 1663 Georgio
831 1626 944 1654 Vernon.
1172 1661 1177 1667 ⁸

84 1679 198 1709 offlam,
277 1671 361 1708 Rex,
380 1675 480 1708 quarto
503 1665 550 1696 die
571 1665 666 1706 Julii,
685 1663 825 1697 concessit
842 1665 953 1701 Georgia
965 1663 1071 1693 Vernon
1084 1659 1231 1692 Officium
1244 1660 1309 1693 Ser-

84 1720 137 1747 No.
161 1717 203 1745 16.
240 1713 345 1746 vientis
361 1710 395 1741 ad
413 1707 532 1746 Legem.
1110 1738 1166 1770 Per
1185 1737 1310 1778 Regem.

628 1823 682 1851 Pro
697 1820 787 1850 eodem
804 1821 924 1857 Georgia.

127 1855 189 1881 pm
278 1866 366 1903 Rex,
390 1863 506 1895 decimo
527 1861 611 1892 tertio
633 1860 678 1891 die
699 1859 881 1895 Novembris,
906 1854 1045 1900 conceffit
1068 1857 1179 1893 Georgia
1202 1858 1311 1887 Vernon

90 1893 185 1920 offava
195 1912 202 1923 ’
243 1905 398 1944 Armigero
409 1902 552 1933 Officium
567 1900 649 1931 unius
663 1898 808 1929 Baronum
823 1897 858 1929 de
872 1896 1030 1928 Scaccano.

89 1934 141 1958 NJ·
164 1928 207 1958 ¹3·
1114 1933 1170 1965 Per
1188 1931 1312 1972 Regem.

92 2033 218 2062 ‘XVIII
560 2056 565 2061 ι
590 2016 611 2035 ¹*
631 2014 807 2062 Pro-Thema
823 2013 976 2046 Wharton.
1251 2052 1257 2059 .

90 2080 161 2109 99²·
224 2053 232 2063 ⁶
248 2076 252 2077 ν
285 2060 370 2098 Rex,
388 2057 526 2103 uicesimo
539 2055 583 2087 die
593 2058 714 2093 Marcii,
733 2053 873 2100 concessit
891 2053 987 2098 Thqme
1005 2052 1151 2083 Wharton
1166 2051 1312 2084 Officium

129 2114 190 2138 Pars
247 2099 421 2137 Receptoris
434 2104 562 2127 exituum
576 2095 609 2126 &
625 2093 844 2138 Reyentionum
858 2101 993 2137 omnium
1007 2092 1040 2124 δε
1056 2092 1232 2136 fingulorurn
1244 2091 1313 2122 Ho-

92 2151 172 2178 ,mia
245 2148 351 2169 norum
366 2135 535 2166 Castrorum
554 2133 765 2177 Dominiorum
783 2131 981 2162 Maneriorum
1000 2132 1034 2163 &
1048 2140 1184 2175 terrarum
1202 2140 1231 2160 in
1246 2129 1312 2174 Co-

92 2193 144 2219 No,
166 2170 193 2225 3⁸,
245 2172 604 2220 mitatibusbNorthumbrie
619 2181 651 2202 ac
668 2171 854 2217 Episcopatus
867 2169 1054 2215 Dunolmenfis
1069 2179 1102 2201 ac
1116 2180 1147 2201 in
1161 2168 1313 2200 Archidia-

246 2224 353 2249 conatu
367 2213 519 2244 Richmond
531 2213 565 2244 &
578 2211 706 2241 Berwick
721 2210 838 2241 durante
856 2208 933 2241 Vita.
1234 2245 1258 2276 P
1286 2245 1307 2277 S

131 2345 194 2369 Pars
584 2329 638 2358 Pro
655 2326 789 2366 Johanne
807 2330 843 2354 W
840 2325 987 2365 ytherings.

90 2382 170 2407 tertia
285 2370 352 2401 Rex
389 2368 527 2401 vicesimo
546 2367 652 2398 ostavo
666 2366 713 2396 die
726 2366 884 2403 Februarii,
902 2362 1040 2407 concessit
1056 2361 1187 2406 Joharrni
1200 2361 1314 2397 Wythe-

92 2421 142 2448 No,
160 2400 187 2453 51
250 2414 327 2447 rings
352 2393 496 2452 &fficium
522 2404 657 2450 Magistri
680 2404 929 2450 tociusldedufflms
944 2413 1079 2447 omnium
1095 2402 1312 2447 &singulorum

250 2449 412 2487 Cignorum
436 2445 508 2476 infra
524 2444 669 2474 Rivolum
683 2442 832 2482 Thamfie5
853 2452 886 2473 ac
903 2441 1048 2487 Officmm
1067 2441 1234 2485 Balhvthhye
1250 2440 1313 2470 Cu-

251 2487 338 2517 stodis
360 2487 448 2516 totius
474 2485 558 2521 Aque
579 2483 637 2513 sive
652 2480 737 2512 Mete
753 2489 856 2512 vocate
873 2479 1080 2518 Whrttlefmere
1093 2481 1126 2511 &
1142 2479 1192 2510 alta
1205 2489 1234 2510 in
1250 2478 1313 2509 Co-

248 2527 352 2557 mitatu
369 2526 547 2560 Huntington
561 2522 678 2552 durante
695 2519 768 2551 Vita.
1235 2555 1260 2586 P
1289 2556 1309 2588 S

133 2655 195 2680 Pars
289 2640 373 2677 Rex,
393 2636 534 2669 tricesimo
554 2636 601 2665 die
624 2637 717 2673 Maii,
733 2634 871 2679 concessit
890 2634 1001 2679 Fff‘l‘mfl'
1027 2633 1118 2678 Willis
1131 2634 1165 2665 &
1179 2633 1314 2678 Richardo

98 2690 226 2726 „infima
255 2679 352 2709 Willis
373 2676 516 2707 Officium
539 2674 753 2723 prothonotarii
767 2674 800 2703 ὃ(
818 2672 926 2704 Clerici
941 2672 1062 2716 Corone
1077 2683 1106 2702 in
1120 2672 1314 2702 Comitattbus

98 2735 214 2766 quana,
252 2716 457 2760 Carmartherz,
469 2712 628 2759 'Pembroch
652 2714 684 2742 &
707 2711 845 2749 Cardigan
865 2713 900 2744 &
920 2710 994 2742 Villa
1012 2711 1048 2740 de
1063 2708 1232 2749 Haverford
1243 2710 1315 2749 lsVesl

98 2771 149 2798 No,
166 2776 195 2802 9.
252 2758 372 2788 durante
387 2754 454 2785 Vita
468 2763 497 2783 in
514 2752 697 2782 Reverhone.
1234 2786 1258 2818 P
1288 2786 1307 2818 S

136 2892 156 2917 Ρ
639 2868 692 2896 Pro
715 2868 797 2895 Petro
815 2865 927 2902 IVynne.

99 2898 225 2955 mazza
291 2910 383 2953 Rex,⁸
393 2909 508 2952 decimo
527 2906 572 2936 die
596 2907 685 2950 Maii,
705 2903 845 2947 concessit
868 2907 952 2948 ξείνα
973 2905 1080 2942 PVynne
1101 2902 1244 2948 Officium
1267 2903 1318 2948 Se-

155 2951 165 2964 ‘¹
255 2949 385 2982 neschalli
408 2947 482 2977 Ville
498 2946 530 2976 ὃς
547 2944 681 2974 Dominn
698 2946 753 2974 live
769 2943 892 2973 txslaneru
908 2944 944 2974 de
961 2945 1093 2982 Cayrwys
1107 2943 1140 2973 ὃ(
1154 2942 1274 2973 aliorum
1288 2952 1318 2972 in

99 2973 219 3037 {gast
255 2989 408 3020 Comitatu
425 2985 507 3024 Flynt
522 2983 638 3013 durante
654 2983 727 3012 bene
743 2981 858 3019 placito.
1238 3018 1262 3049 P
1291 3018 1311 3050 S

100 3121 102 3124 >
145 3120 205 3144 Pars
291 3103 377 3138 Rex,
395 3100 517 3144 septimo
542 3098 587 3141 die¹
610 3099 732 3140 Marcii,
748 3095 888 3140 concessit
911 3098 1037 3126 Antonio
1053 3100 1154 3139 Yourige
1169 3095 1315 3128 Officium

100 3156 182 3182 mm,
254 3144 337 3174 unius
351 3139 566 3172 Vibrillatorutn
579 3140 652 3166 intra
666 3135 785 3166 Turrim
804 3134 930 3164 London'
946 3135 1065 3166 durante
1080 3136 1156 3167 Vita.

99 3197 155 3229 Ro·
175 3176 201 3227 ⁷:
1236 3172 1269 3203 P·
1284 3172 1318 3214 vS.

434 3358 622 3390 Inventiones
641 3351 678 3386 de
699 3354 787 3385 Anno
807 3354 893 3383 tertio
919 3351 1019 3384 Caroli
1030 3355 1137 3397 primi.

546 3443 601 3470 Pro
619 3436 769 3470 Willielmo
786 3434 882 3475 Astell
897 3434 935 3470 ὠ·
953 3434 1026 3465 aliis.

101 3473 184 3505 'Arm
199 3475 242 3507 D.
323 3481 354 3513 H
366 3482 391 3513 Ε
412 3481 509 3519 King,
525 3480 576 3510 the
599 3477 749 3509 twentieth
774 3474 838 3513 Day
859 3474 897 3503 of
905 3474 1025 3510 March,
1044 3475 1174 3519 granteth
1191 3483 1221 3505 to
1238 3475 1317 3506 Wil-

127 3513 215 3552 1627.
317 3521 381 3551 liam
404 3517 611 3562 Astell,.John
634 3516 728 3556 Copley
749 3514 801 3545 and
823 3516 935 3544 Francis
950 3512 1042 3551 Crofts
1056 3513 1112 3544 free
1128 3514 1243 3553 Liberty
1259 3516 1317 3546 and

105 3554 159 3579 An.
182 3561 207 3588 3·
257 3561 382 3592 Licence
401 3567 433 3589 to
450 3565 501 3596 put
517 3566 545 3586 in
561 3555 690 3586 practice
705 3553 755 3585 the
772 3553 825 3583 Art
841 3551 897 3582 and
911 3552 989 3591 Way
1007 3552 1052 3581 for
1067 3552 1186 3589 melting
1201 3553 1317 3583 oflrm

105 3592 170 3616 ΟΜ·
197 3600 220 3616 ¹-
256 3600 350 3634 Oare,
365 3597 420 3628 and
440 3597 485 3626 for
507 3594 623 3632 making
637 3595 685 3625 the
698 3593 772 3623 same
786 3592 848 3621 into
864 3588 946 3620 Casts
960 3590 1072 3619 &Vorl-:s
1085 3591 1139 3621 and
1156 3591 1232 3621 Barrs
1244 3593 1317 3622 with

104 3630 169 3655 ΡΜ
183 3627 239 3664 sep·
256 3637 308 3668 Sea
319 3635 395 3666 Coal
407 3635 463 3666 and
478 3634 544 3674 Pytt
557 3632 643 3664 Coall
659 3632 705 3663 for
720 3631 769 3662 the
783 3630 891 3661 Terme
908 3628 944 3658 of
952 3628 1083 3659 fourteen
1100 3629 1195 3660 Years.
1237 3667 1271 3697 P.
1289 3668 1310 3699 S

107 3666 174 3692 tima
183 3685 191 3696 ‚

107 3706 160 3732 No.
184 3711 193 3729 r
200 3712 227 3740 3.

522 3750 576 3779 Pro
591 3746 737 3777 Willielmo
752 3745 908 3776 Brouncker
921 3740 960 3778 ό-
975 3743 1048 3773 aliis.

108 3782 172 3808 ΡΜ
191 3782 234 3809 '⁷²1'-
297 3787 367 3817 The
392 3787 470 3825 King
484 3809 493 3824 ,
520 3788 570 3816 the
592 3786 666 3817 sixth
690 3785 756 3822 Day
776 3784 813 3815 of
832 3781 931 3822 Aprill
943 3805 952 3821 ,
976 3781 1106 3822 granteth
1132 3789 1164 3811 to
1189 3781 1318 3812 William

107 3817 199 3855 ‘estvm
260 3826 416 3856 Brouncker
431 3824 484 3854 and
501 3826 598 3855 others
616 3834 646 3855 to
661 3825 789 3853 exercice
803 3823 859 3852 and
875 3830 926 3860 put
938 3823 969 3851 in
984 3820 1030 3851 use
1043 3831 1079 3850 an
1096 3820 1266 3851 instrument
1284 3831 1318 3851 or

100 3857 202 3895 fixta,
259 3863 372 3894 Device
386 3863 431 3892 for
444 3862 548 3900 Earing
562 3863 616 3893 and
631 3862 767 3900 Plowing
778 3860 815 3892 of
825 3860 907 3892 Land
922 3859 1048 3892 without
1060 3859 1151 3890 either
1166 3858 1269 3890 Horses
1284 3869 1317 3889 or

107 3899 158 3924 No.
175 3903 203 3932 7·
255 3901 344 3934 Oxen
360 3901 405 3931 for
419 3900 467 3931 the
481 3899 594 3932 Ternie
609 3901 645 3932 of
656 3901 786 3933 fourteen
799 3899 895 3931 Yeats.
1232 3935 1257 3967 P
1290 3935 1310 3967 S

1333 24 1912 79 ES,L1TERAE‚

1607 115 1661 143 Pro
1674 110 1836 143 'Willielmo
1851 109 1977 141 Parham
1991 110 2031 147 &
2043 110 2115 142 aliis.
2416 108 2492 142 Ann.
2500 111 2533 144 -lt

1366 150 1436 182 The
1458 150 1554 190 King,
1576 152 1626 183 the
1646 160 1755 191 twenty
1779 149 1884 181 second
1909 149 1977 188 Day
1989 149 2027 179 of
2038 149 2202 189 December,
2220 149 2348 188 granteth
2362 156 2394 180 to
2439 149 2536 189 1627.i'';

1333 189 1456 219 William
1472 189 1612 228 Parham,
1631 189 1768 229 Ambos}
1783 191 1904 219 Prevett
1918 189 1972 219 and
1990 187 2102 218 charles
2117 188 2207 227 Jacob
2218 189 2329 227 speciali
2345 188 2396 219 Li—
2418 190 2472 216 An.
2492 184 2536 232 21}

1332 237 1422 258 cence
1445 237 1478 258 to
1501 227 1547 258 use
1567 237 1603 258 an
1620 228 1735 267 Engine
1754 229 1792 267 by
1808 228 1890 258 thern
1906 226 2060 265 invented,
2077 227 2138 257 that
2155 227 2222 258 shall
2238 229 2349 259 inforce
2364 226 2399 256 all
2415 229 2478 254 Car.
2501 233 2536 256 m:

1332 266 1458 296 Manner
1483 266 1520 295 of
1540 266 1621 296 Mills
1641 268 1677 297 of
1689 268 1766 297 what
1786 267 1899 297 Nature
1914 276 1948 296 or
1966 264 2044 295 Kind
2061 264 2180 303 soever,
2197 274 2229 296 to
2242 265 2325 306 grind
2342 270 2398 296 and
2417 267 2480 292 Pars
2497 275 2536 295 viv·

1332 305 1458 342 perform
1484 304 1558 334 their
1588 306 1708 336 wonted
1736 305 1853 336 Labour
1878 305 2003 336 without
2027 303 2097 342 help
2124 303 2162 333 of
2178 304 2268 335 either
2288 301 2528 340 Horse5cefima.

1333 343 1427 373 Wind
1451 351 1485 372 or
1515 343 1618 373 Water
1643 344 1691 374 for
1709 344 1843 375 fourteen
1869 343 1957 375 Years
1978 343 2067 375 under
2094 342 2143 373 the
2160 342 2254 382 yearly
2274 341 2355 373 Rent
2373 342 2409 372 of
2411 342 2508 378 sexta,
2534 363 2536 366 ι

1334 391 1392 412 one
1406 380 1535 412 hundred
1553 381 1681 413 Pounds.
2303 420 2306 426 Ι
2324 417 2348 448 P
2372 417 2392 448 S
2420 384 2470 408 NJ·
2489 388 2536 407 101

1379 558 1428 590 De
1466 551 1639 598 Conceffione
1670 553 1861 601 pust-nsandi
1891 553 1935 587 ad
1967 555 2136 589 Refloriam
2155 565 2212 602 pro
2238 550 2358 587 Thema

1783 606 1920 650 Harpcr.

1335 688 1427 758 RE
1439 689 1486 726 X,
1505 689 1567 720 &c.
1587 687 1762 719 Reverendo
1772 689 1803 720 in
1819 688 1937 720 Christo
1950 687 2027 719 Patri
2045 687 2182 719 Domino
2197 687 2313 728 Thome,
2330 689 2401 721 Per-
2414 684 2494 716 Ann·
2509 685 2532 718 13

1420 728 1552 758 miffione
1573 726 1682 758 Divina
1703 731 1853 758 coventrie
1875 729 1910 761 &
1933 726 2060 766 Lichensi
2080 726 2242 766 Episcopo,
2257 729 2351 767 eJul‘ve
2369 730 2399 758 in
2445 724 2529 765 1627.

1333 765 1478 797 Absencia
1500 765 1617 796 Vicario
1644 768 1674 796 in
1694 766 1888 804 Spiritualibus
1906 765 2041 797 Generali
2059 765 2118 796 sive
2132 765 2180 796 alii
2192 768 2357 806 cuicunque
2372 768 2402 797 in
2419 766 2470 793 An.
2492 774 2517 802 3-

1333 804 1388 834 hac
1404 814 1478 842 parte
1493 805 1692 835 authoritatem
1710 806 1844 843 habenti,
1862 805 2000 836 Salutem.
2418 807 2481 831 Car.
2504 812 2529 834 ι.

1373 842 1421 872 Ad
1436 842 1607 872 Reetoriam
1625 843 1661 873 de
1674 843 1803 883 Norbury
1818 843 1910 874 vestre
1925 843 2074 881 Diocesis,
2092 844 2148 882 iam
2163 842 2304 882 legittime
2319 844 2352 875 &
2368 843 2404 874 de
2421 845 2480 871 Par.
2501 850 2526 878 3-

1332 881 1397 920 jure
1418 889 1571 911 vacantem
1593 881 1627 911 &
1652 881 1687 912 ad
1711 883 1836 912 nostram
1850 882 2094 913 Presentationem
2111 892 2160 920 per
2175 882 2346 913 Pravitatem
2361 881 2405 912 Si·
2420 883 2484 908 Car.
2506 889 2529 909 1·

1339 920 1438 951 monie
1452 920 1506 950 hac
1522 920 1587 950 vice
1607 918 1794 959 spectantem,
1812 920 1965 951 Dilec‘kum
1980 920 2082 951 Nobis
2096 922 2127 952 in
2144 920 2263 952 Christo
2275 920 2405 950 Thomam
2417 925 2445 956 Ρ.
2465 917 2492 946 ⁵3·

1337 960 1450 998 Harper
1470 958 1623 988 Clericum
1644 959 1675 988 in
1699 957 1814 989 Artibus
1830 958 2002 997 Magistrum
2015 960 2102 989 vobis
2115 959 2321 997 presentamus3
2341 959 2407 988 Ro-

1338 1005 1434 1036 gantes
1452 998 1486 1028 &
1501 998 1671 1036 requirentes
1685 1005 1820 1034 quatenus
1835 997 1958 1027 eundem
1974 997 2103 1027 Thomam
2117 1000 2229 1037 Harper
2245 998 2280 1030 ad
2294 997 2408 1029 Recto-

1339 1038 1410 1066 riam
1433 1036 1468 1067 de
1492 1036 1622 1074 Norbury
1644 1035 1801 1074 predit‘tam
1827 1034 1990 1073 admittere,
2008 1036 2159 1074 Ipsumque
2180 1038 2336 1069 Rectorem
2353 1038 2409 1068 ibi⁴

1339 1074 1407 1106 dem
1432 1074 1576 1105 instituere
1600 1075 1633 1106 &
1650 1073 1801 1112 investire,
1819 1083 1889 1105 cum
1905 1073 2041 1104 omnibus
2055 1074 2106 1105 suis
2117 1075 2244 1115 juribus,
2262 1074 2408 1107 Membris

1339 1114 1372 1144 &
1381 1113 1560 1144 Pertinentiis
1572 1113 1716 1151 universis,
1724 1122 1875 1152 ceteraque
1889 1113 1988 1142 omnia
1998 1112 2031 1143 &
2048 1113 2151 1150 singula
2166 1115 2260 1147 facere
2272 1117 2304 1147 &
2313 1115 2332 1134 ¹*
2342 1125 2407 1154 per·
2423 1124 2536 1154 nxvm

1340 1161 1438 1191 agere,
1456 1163 1513 1191 que
1531 1150 1627 1183 vestro
1641 1153 1670 1183 in
1689 1153 1742 1183 hac
1758 1161 1837 1192 parte
1861 1152 2035 1183 incumbunt
2051 1150 2166 1183 Officio
2182 1153 2337 1193 Pastorali,
2354 1164 2404 1186 ve·
2424 1174 2459 1200 99
2461 1175 2490 1205 3,
2520 1159 2524 1163 ’

1339 1191 1393 1222 litis
1404 1201 1476 1222 cum
1489 1190 1599 1221 favore.

1379 1267 1414 1299 In
1432 1268 1512 1306 cujus
1521 1291 1530 1307 ,
1548 1267 1608 1298 &o

1345 1344 1470 1414 M'ILesie
1499 1345 1583 1385 Rege
1615 1345 1691 1384 apud
1724 1344 2011 1386 Wflmonaszerium,
2046 1348 2185 1380 vicesimo
2217 1348 2337 1388 septimo
2368 1349 2415 1380 die

1382 1395 1400 1414 a
1417 1395 1458 1414 CII.

1346 1460 1499 1503 Confimiles
1521 1463 1636 1493 Literas
1657 1463 1790 1492 Parentes
1814 1461 1918 1493 habent
1938 1462 2053 1502 Perfine
2069 1463 2221 1505 fiibfiripte
2235 1463 2273 1500 ό·
2288 1466 2322 1495 de
2342 1465 2418 1496 datis

1709 1499 1972 1540 etiamficbfiripti53
1990 1505 2055 1533 viz.
2236 1525 2243 1532 .

1384 1576 1531 1616 Johannes
1550 1577 1656 1607 Wilton
1666 1600 1675 1615 ,
1693 1576 1827 1608 Clericus
1839 1600 1848 1615 ,
1865 1578 1896 1608 in
1917 1577 2033 1609 Artibus
2049 1578 2202 1618 Magister,
2217 1580 2306 1612 habet
2322 1582 2416 1613 confi-

1350 1617 1431 1646 miles
1450 1617 1554 1647 Literas
1571 1616 1701 1647 patentes
1714 1616 1750 1646 de
1759 1616 1969 1647 Presentatione
1983 1618 2019 1647 ad
2028 1615 2197 1649 Reeoriam
2213 1619 2250 1650 de
2263 1620 2422 1651 Cornewell

1350 1654 1481 1686 Diocelis
1496 1654 1654 1696 oxonienfi’
1664 1676 1674 1692 ,
1712 1665 1743 1685 er
1761 1653 1895 1685 Mortem
1909 1655 2004 1686 ultimi
2023 1654 2220 1687 Incumbentis
2235 1659 2345 1690 ibidem
2354 1660 2419 1698 jam

1349 1703 1500 1725 vacantem
1525 1694 1558 1725 &
1581 1694 1617 1724 ad
1639 1703 1679 1724 no
1707 1703 1766 1723 ram
1795 1693 2037 1724 presentationem
2051 1694 2140 1732 pleno
2151 1695 2215 1732 jure
2227 1696 2417 1737 spe&antem;

1351 1733 1386 1763 &
1403 1734 1566 1769 diriguntur
1587 1732 1625 1762 he
1643 1731 1738 1763 Litere
1754 1731 1928 1764 Reverendo
1940 1733 1970 1764 in
1985 1731 2104 1763 Christo
2119 1732 2195 1764 Patri
2213 1733 2348 1767 Domino
2360 1737 2419 1778 Jo-

1350 1771 1439 1801 hanm'
1450 1774 1559 1801 Oxonie
1574 1770 1730 1809 Episcopo.
2245 1798 2247 1801 ,

1385 1810 1477 1842 Teste
1493 1809 1575 1850 Rege
1591 1809 1665 1848 apud
1679 1808 1955 1850 Westmonasterium,
1972 1811 2117 1843 tricesimo
2131 1811 2177 1843 die
2193 1815 2309 1843 Martii.

1387 1887 1520 1919 Andreas
1533 1889 1640 1927 Perne,
1659 1887 1810 1926 Clericus,
1827 1888 1859 1918 in
1874 1887 1990 1920 Artibus
2007 1887 2158 1928 Magister,
2175 1890 2263 1922 habet
2277 1890 2426 1923 Confimi

1350 1926 1390 1959 les
1408 1928 1515 1959 Literas
1530 1927 1661 1958 Patentes
1675 1928 1710 1958 de
1725 1926 1937 1958 Presentatione
1950 1927 1985 1957 ad
1999 1926 2174 1959 Rectoriam
2188 1929 2226 1960 de
2241 1929 2331 1969 Wilby
2344 1930 2425 1962 Dio-

1350 1967 1419 1998 cesis
1439 1965 1670 2006 Petriburgenfis,
1681 1967 1745 2005 jam
1770 1965 1779 1995 l
1815 1966 1907 1996 ittime
1928 1966 1962 1996 &
1978 1966 2015 1996 de
2025 1966 2090 2005 jnre
2104 1976 2257 1999 vacantem
2273 1970 2306 2001 ὃ(
2320 1970 2354 2000 ad
2368 1980 2424 2000 no-

1351 2005 1437 2036 stram
1460 2004 1705 2037 presentationem
1727 2013 1776 2044 per
1827 2003 1927 2042 apsum
1947 2004 2105 2043 Temporis
2128 2006 2174 2037 vel
2187 2017 2236 2046 per
2272 2009 2421 2039 ravitatem

1351 2044 1481 2075 Simonie
1495 2044 1548 2075 hac
1565 2045 1628 2075 vice
1641 2043 1835 2083 spe&antem;
1855 2044 1888 2075 &
1899 2044 2060 2081 diriguntur
2076 2045 2115 2075 he
2129 2045 2227 2076 Litere

1351 2084 1382 2114 in
1402 2082 1520 2118 Christo
1533 2082 1608 2115 Patri
1624 2082 1760 2113 Domino
1773 2082 1871 2112 rhome
1886 2081 2088 2122 Petriburgenfi
2099 2082 2254 2124 Episcopo.

1387 2121 1480 2154 Teste
1494 2121 1579 2162 Rege
1593 2121 1667 2160 apud
1683 2120 1946 2161 Wllmonasterium
1955 2143 1966 2160 ,
1984 2123 2129 2153 triceiimo
2142 2124 2240 2163 primo
2254 2123 2301 2154 die
2307 2126 2424 2156 Martii.

2277 2047 2422 2079 everendo
2482 2060 2485 2063 ⁴

1388 2200 1521 2232 Robertus
1534 2198 1665 2271 Marglye,
1684 2199 1834 2239 Clericus,
1853 2200 1882 2230 in
1899 2199 2017 2232 Artibus
2034 2199 2192 2241 Magister,
2210 2201 2299 2234 habet
2314 2201 2420 2233 Confi·
2455 2236 2461 2243 ,

1353 2240 1433 2270 miles
1450 2240 1570 2272 Litteras
1607 2248 1719 2273 ,atentes
1731 2240 1767 2270 de
1785 2238 1996 2270 Presentatione
2011 2239 2046 2270 ad
2066 2240 2238 2271 Reitoriam
2254 2242 2290 2273 de
2305 2240 2419 2280 Eglyw-

1345 2278 1411 2319 sael
1425 2279 1489 2309 alias
1502 2277 1812 2315 Llan-Cadwallader,
1833 2287 1903 2308 cum
1922 2278 2040 2316 Capella
2055 2279 2150 2310 eidem
2166 2289 2272 2311 annexa
2285 2279 2420 2310 Diocefis

1352 2317 1561 2386 Bangorierffs,
1580 2327 1630 2355 per
1652 2317 1786 2348 Mortem
1802 2317 1896 2347 ultimi
1908 2314 2107 2348 Incumbentis
2121 2318 2226 2350 ibidem
2238 2319 2295 2355 jam
2313 2326 2418 2348 vacan-

1352 2365 1413 2388 tem
1436 2358 1470 2389 &
1483 2367 1499 2388 a
1533 2355 1659 2387 nostram
1674 2355 1919 2386 presentationem
1936 2355 2024 2394 pleno
2040 2356 2097 2386 'ure
2111 2356 2303 2395 spectantem3
2320 2355 2355 2386 &
2372 2358 2419 2386 di-

1351 2397 1482 2435 riguntur
1499 2396 1536 2426 he
1552 2396 1647 2426 Litere
1660 2394 1838 2427 Reverendo
1852 2395 1883 2425 in
1897 2393 2018 2425 Christo

1350 2437 1507 2472 Bangorien
1518 2445 1527 2461 1
1543 2433 1698 2473 Episcopo.

1387 2472 1478 2505 Teste
1528 2482 1583 2511 ege
1595 2473 1670 2511 apud
1686 2471 1965 2513 Wstmonustan,
1983 2470 2126 2502 tricefimo
2140 2470 2241 2514 primq
2248 2470 2294 2502 die
2303 2474 2418 2503 Martii.

1393 2549 1559 2581 Willielmus
1572 2548 1687 2589 Castell,
1707 2548 1857 2586 Clericus,
1876 2548 1905 2578 in
1921 2547 2036 2578 Artibus
2052 2545 2212 2585 Magister,
2231 2548 2319 2580 habet
2331 2549 2417 2581 Con-

1353 2588 1454 2620 {imiles
1481 2589 1586 2619 Literas
1613 2588 1746 2618 Patentes
1764 2588 1800 2617 de
1822 2586 2031 2617 Presentatione
2043 2586 2078 2615 ad
2096 2585 2268 2617 Rectoriam
2281 2588 2318 2618 de
2333 2591 2419 2619 cour—

1354 2626 1466 2657 tenhall
1484 2626 1615 2657 Diocefis
1638 2624 1870 2694 Petriburgengiss
1888 2634 1938 2662 per
1959 2623 2092 2655 Mortem
2107 2625 2202 2655 ultimi
2218 2625 2420 2659 Incumbentis

1355 2667 1463 2696 ibidem
1483 2666 1544 2704 jam
1567 2673 1718 2696 vacantem
1742 2665 1775 2695 ὃς
1794 2674 1809 2694 a
1853 2662 1980 2693 nostram
1995 2662 2239 2694 presentationem
2254 2665 2339 2702 pleno
2353 2666 2419 2704 jure

1353 2704 1547 2741 spe&antem;
1566 2704 1600 2734 &
1626 2703 1783 2741 diriguntur
1806 2703 1842 2732 he
1859 2701 1955 2732 Litere
1970 2700 2146 2733 Reverendo
2159 2703 2189 2732 in
2206 2702 2326 2735 Christo
2343 2703 2418 2736 Patri

1354 2743 1492 2773 Domino
1507 2742 1604 2773 Thome
1619 2740 1824 2780 Petriburgenfi
1837 2739 1992 2779 Episcopo.

1390 2780 1480 2812 Teste
1496 2780 1579 2820 Rege
1593 2780 1666 2818 apud
1683 2778 1961 2819 Wllmonallerium,
1978 2778 2100 2817 septimo
2113 2777 2160 2810 die
2172 2779 2291 2823 Aprilis:

2061 2395 2113 2426 atri
2129 2394 2265 2425 Domino
2279 2394 2420 2426 Lodovico

1391 2858 1552 2888 Edwardus
1570 2856 1703 2898 Bentley,
1719 2857 1865 2894 Clericus,
1883 2856 1912 2886 in
1929 2855 2046 2888 Artibus
2059 2855 2214 2896 Magister,
2231 2857 2319 2890 habet
2333 2854 2421 2890 (Ton-

1356 2897 1456 2927 similes
1478 2898 1586 2928 Literas
1601 2895 1732 2927 Patentes
1747 2896 1783 2927 de
1798 2896 2010 2926 Presentatione
2025 2895 2060 2926 ad
2077 2894 2249 2927 Rectoriam
2265 2897 2302 2928 de
2317 2898 2420 2938 BekeJ:

1355 2935 1424 2965 well
1444 2936 1573 2967 Diocefis
1596 2934 1798 2976 Norwicenfis‚
1813 2943 1864 2973 per
1886 2932 2018 2965 Mortem
2040 2934 2134 2965 ultimi
2148 2933 2348 2967 Incumbentis
2363 2938 2420 2968 ibi-

1356 2974 1424 3005 dem
1443 2974 1505 3013 jam
1525 2983 1676 3006 vacantem
1694 2974 1728 3004 &
1747 2973 1782 3004 ad
1801 2972 1929 3002 nostram
1953 2971 2194 3004 presentationem
2209 2974 2318 3005 tatione
2331 2985 2419 3007 vaca-

1356 3014 1441 3044 tionis
1458 3012 1537 3044 Sedis
1557 3012 1731 3050 Episcopalis
1745 3010 1861 3055 Elienfis
1877 3011 1932 3054 hac
1948 3011 2016 3042 vice
2028 3011 2224 3050 spediantem3
2242 3013 2276 3043 &
2290 3013 2419 3053 dirigun-

1356 3060 1401 3083 tur
1422 3052 1460 3082 he
1476 3052 1570 3082 Litere
1589 3050 1762 3081 Reverendo
1782 3059 1813 3079 in
1826 3048 1945 3080 Christo
1964 3048 2040 3081 Patri
2055 3050 2192 3081 Domino
2208 3051 2418 3084 SamueliNor-

1354 3089 1663 3167 wlff'ffieEIglesggggud
1680 3125 1959 3167 Westmonasterium,
1977 3125 2095 3158 decimo
2112 3126 2191 3159 sexto
2203 3127 2250 3159 die
2261 3128 2381 3169 Aprilis.

1394 3203 1530 3235 Michaell
1545 3204 1667 3242 Parker,
1686 3203 1837 3241 Clericus,
1853 3204 1883 3233 in
1905 3202 2022 3236 Artibus
2037 3203 2195 3245 Magister,
2209 3206 2295 3238 habet
2311 3205 2416 3237 Confi-

1355 3244 1435 3274 miles
1460 3243 1566 3274 Literas
1582 3241 1714 3274 Parentes
1729 3243 1764 3273 de
1778 3242 1989 3276 Presentatione
2001 3242 2037 3272 ad
2057 3242 2230 3275 Rectoriam
2241 3245 2278 3275 de
2294 3243 2419 3284 Desford

1354 3281 1484 3312 Diocefis
1510 3281 1724 3321 Lincolnienfis,
1737 3282 1798 3319 jam
1822 3281 1963 3318 legittime
1983 3280 2018 3312 &
2035 3281 2071 3311 de
2086 3282 2151 3320 jure
2167 3292 2315 3314 vacantem
2329 3285 2362 3314 &
2377 3281 2414 3312 ad

1353 3320 1481 3352 nostram
1503 3319 1744 3350 presentationem
1765 3328 1815 3358 per
1836 3320 2004 3356 pravitatem
2018 3319 2150 3352 Simonie
2166 3322 2210 3351 vel
2225 3332 2276 3360 per
2291 3319 2413 3357 Lapsum

1353 3359 1509 3396 Temporis
1541 3358 1716 3395 spectantem
1731 3369 1742 3396 3
1766 3358 1799 3388 ὃς
1823 3358 1977 3397 diriguntur
2004 3357 2039 3389 he
2068 3359 2164 3391 Litere
2187 3359 2360 3392 Reverendo
2382 3359 2414 3389 in

1353 3397 1473 3429 Christo
1493 3396 1568 3427 Patri
1587 3396 1722 3427 Domino
1737 3395 1868 3434 Johanm'
1881 3395 2065 3437 Lincolnienfi
2075 3397 2228 3436 Episcopo.

1391 3435 1481 3467 Teste
1500 3433 1582 3474 Rege
1596 3435 1671 3474 apud
1684 3434 1962 3475 westmonasterium,
1978 3435 2096 3467 decimo
2114 3436 2221 3467 οᾶενο
2235 3433 2281 3465 die
2292 3433 2413 3473 Aprilis.

1388 3511 1504 3543 Thomas
1526 3510 1678 3551 Sincklere,
1697 3511 1845 3549 Clericus,
1863 3513 1892 3542 in
1917 3512 2036 3544 Artibus
2052 3512 2209 3549 Magister,
2225 3511 2313 3543 habet
2328 3510 2414 3544 Con-

1355 3551 1458 3582 similes
1483 3551 1586 3580 Literas
1610 3550 1741 3581 Patentes
1759 3551 1795 3581 de
1818 3551 2028 3583 Presentatione
2051 3553 2084 3582 ad
2099 3551 2240 3581 Vicai·iam
2256 3550 2292 3581 de
2304 3551 2412 3590 Broke,

1354 3589 1484 3620 Diocefis
1515 3589 1697 3628 Norwicenfis
1712 3612 1721 3626 ,
1746 3599 1795 3626 per
1818 3589 1950 3620 Mortem
1973 3590 2065 3620 ultimi
2086 3587 2282 3619 Incumbentis
2302 3590 2413 3620 ibidem

1353 3630 1410 3666 jam
1431 3636 1579 3658 vacantem
1599 3627 1632 3657 &
1651 3628 1686 3658 ad
1704 3628 1833 3659 nostram
1854 3627 2094 3659 Presentationem
2113 3628 2197 3664 pleno
2208 3626 2272 3663 jure
2286 3627 2412 3668 speetatr-

1357 3677 1434 3704 tem,
1453 3667 1486 3698 δε
1507 3667 1661 3704 diriguntur
1676 3666 1714 3696 he
1732 3667 1828 3698 Litere
1846 3666 2018 3698 Reverendo
2034 3667 2063 3696 in
2077 3664 2196 3696 Christo
2211 3665 2286 3696 Patri
2301 3665 2413 3698 Domi-

1357 3715 1396 3735 no
1416 3703 1534 3733 Samueli
1547 3704 1719 3743 Norwicenfi
1732 3704 1885 3743 Episcopo.
2069 3720 2072 3724 ¹

1393 3741 1484 3773 Teste
1498 3742 1577 3781 Rege
1591 3743 1666 3781 apud
1683 3743 1960 3784 westmonasterium,
1978 3742 2096 3773 decimo
2110 3750 2189 3772 nono
2202 3739 2247 3773 die
2262 3742 2380 3782 Aprilis.

1395 3819 1556 3848 Edwardus
1583 3818 1681 3858 Kifte,
1707 3819 1855 3856 Clericus,
1881 3820 1910 3850 in
1938 3818 2057 3849 Artibus
2081 3816 2308 3858 Bacchalaurius,
2334 3821 2418 3853 habet

1357 3856 1530 3888 Confimiles
1547 3857 1653 3888 Literas
1670 3859 1800 3889 Parentes
1816 3857 1852 3887 de
1867 3856 2074 3888 Presentatione
2089 3856 2124 3886 ad
2140 3855 2312 3889 Rectoriam
2326 3862 2421 3890 Sanffi

1356 3895 1504 3934 Johannis
1524 3896 1646 3935 Baptiste
1668 3898 1697 3926 in
1721 3896 1846 3928 Civitate
1869 3892 2029 3933 Gloucestrie
2044 3893 2175 3925 Diocesis
2192 3896 2421 3939 Gloucestrienfis‚
2462 3929 2465 3932 ,

1352 3936 1417 3975 Jatn
1440 3934 1579 3974 legittime
1598 3938 1632 3967 &
1649 3934 1760 3973 dejure
1776 3942 1925 3966 vacantem
1941 3933 1974 3964 ὅ(
1988 3932 2023 3963 ad
2037 3932 2165 3965 nostram
2179 3933 2421 3971 presentationem

2330 3974 2422 4012 pleno
