2536 4255
181 155 236 208 34
637 135 1467 189 CONVENTioNEs·‚

45 238 124 271 Ann.
137 237 182 269 D.
545 233 599 261 Pro
614 227 798 269 christophero
812 225 909 266 Waſjb.

63 278 153 313 1629.
230 278 298 308 The
327 274 409 313 King
436 272 484 302 the
504 269 646 301 Fifteentli
665 268 717 308 day
737 267 775 297 of
788 267 863 304 June
882 289 892 304 ,
915 264 1025 296 Grants
1043 271 1074 294 to
1092 259 1263 302 christopher

43 317 101 346 An.'
117 325 145 351 5-
197 315 284 356 Waffi’
313 315 361 346 the
385 310 485 342 Office
514 308 551 340 of
572 317 629 339 one
656 306 692 338 of
715 306 762 338 the
789 305 923 336 Yeoman
949 303 1079 335 Prickers
1103 302 1205 340 during
1223 301 1266 331 his

43 360 107 383 Car.
134 363 157 383 1.
197 356 205 386 l
227 356 263 386 fe,

45 399 109 423 Pars
135 394 178 422 de-
207 365 224 396 y
1186 377 1220 408 P.
1239 376 1270 408 S.

46 435 116 462 eima

47 480 113 500 nona
131 490 140 502 ‚
462 466 517 494 Pro
529 461 668 503 Mildmay
684 464 785 492 Comite
799 459 1004 501 Wstmorland.
1161 496 1166 501 ι

46 514 96 540 No.
117 517 160 543 ις.
237 506 301 537 Rex
317 529 327 542 ‚
351 502 529 535 duodecimo
554 502 600 532 die
628 504 726 539 Maii,
749 499 887 532 conceffit
911 498 1049 534 Mildmay
1069 491 1271 539 'C'omita‘lVesl-

62 548 178 578 Parsvi-
199 544 327 577 morland
342 542 488 574 Officium
509 540 643 578 Capitalis
659 539 811 578 justiciarii
829 539 862 570 &
876 536 1028 578 Justiciarii
1044 533 1197 564 Itinerantis
1211 530 1271 561 Fo-

49 585 157 624 cessma‚
199 585 270 615 reste
295 583 332 614 de
355 580 537 620 Rockingham
555 581 584 611 in
605 579 756 610 Comitatu
774 577 981 616 Northampton
999 574 1115 604 durante
1135 569 1268 608 benepla-

48 629 97 654 No.
114 633 143 660 9.
202 625 273 655 cito,
1189 646 1214 678 P
1243 645 1262 676 S

550 736 604 764 Pro
621 736 663 764 W
662 733 773 764 illielmo
793 729 913 762 walker.

49 750 169 821 cffiamiafl
244 776 314 808 The
331 774 409 815 King
427 797 437 812 ‚
453 774 502 805 the
519 772 649 813 Twenty
670 772 727 803 first
747 771 799 809 day
817 770 854 801 of
868 771 957 813 May,
974 765 1081 797 Granis
1098 772 1130 795 to
1148 761 1274 807 lst'illiam

49 828 101 854 No.
119 832 162 851 ιο.
205 815 319 847 Walker
343 815 391 846 the
418 812 517 844 Office
542 813 580 843 of
599 812 726 850 keeping
751 810 802 842 the
827 808 932 847 Spring
959 805 1077 837 Garden
1100 802 1205 839 during
1230 800 1275 830 his

207 854 275 896 lyfe.

1186 877 1221 908 P.
1245 877 1275 908 S.

70 981 131 1005 Pars
140 976 184 1003 vi·
561 968 616 996 Pro
635 965 757 1004 Philippo
777 962 928 993 Warwick.
1215 994 1220 1000 ¹

51 1015 140 1053 cefima
151 1036 158 1047 ,
211 1030 214 1032 -
245 1009 313 1041 Rex
327 1031 337 1046 ,
362 1007 459 1047 primo
476 1005 523 1037 die
540 1006 621 1043 Junii
635 1029 645 1044 ,
670 1002 808 1035 conceffit
827 1000 948 1038 Philippa
966 997 1108 1041 Warwtsck
1130 993 1275 1040 Officium

52 1060 101 1085 No.
119 1064 162 1084 iz.
211 1051 293 1080 unius
315 1048 499 1078 clericorum
524 1045 744 1075 Ordinatiorum
775 1041 884 1079 Signeti
909 1040 1025 1069 dui-ante
1048 1044 1107 1067 vita
1132 1044 1161 1066 in
1181 1042 1279 1064 rever-

210 1089 297 1120 sione.

1194 1110 1228 1141 P.
1247 1110 1275 1141 S.

600 1198 654 1226 Pro
671 1194 774 1225 Thema
791 1192 892 1223 Willis.

53 1214 172 1283 (ZZZ.
246 1242 329 1280 Rex,
347 1238 548 1272 tertiodecimo
569 1236 614 1266 die
632 1236 712 1272 Jumr·
725 1259 735 1271 ,
752 1232 889 1264 concessit
907 1230 1006 1261 Tharne
1025 1228 1114 1259 Willis
1132 1226 1277 1258 Officium

54 1291 104 1316 No.
125 1295 170 1324 ¹4·
210 1280 317 1312 Clerici
337 1280 455 1310 Corone
474 1276 650 1306 Caiicellarie
668 1272 776 1312 Anglie
794 1273 911 1303 durante
931 1279 998 1301 vita.

1192 1303 1226 1333 P.
1245 1301 1275 1332 S.

374 1441 603 1485 Presbntationes
619 1436 654 1470 de
671 1439 764 1471 Anno
782 1438 884 1483 quinto
901 1432 1001 1466 Caroli
1023 1434 1121 1478 Regis.

55 1541 125 1573 Am,
147 1539 177 1570 D
214 1525 354 1585 REX,
374 1527 435 1558 &c.
453 1523 630 1556 Reverendo
650 1523 679 1553 in
697 1519 815 1551 Christo
835 1518 929 1555 Patri,
948 1527 980 1548 ac
1000 1516 1136 1561 Domino
1156 1511 1281 1557 Johamri

80 1564 135 1610 152'
180 1564 187 1571 ⁷
292 1565 477 1597 Permislione
502 1563 596 1594 divina
628 1563 769 1598 Wigorm'e
794 1559 939 1597 Episcopo
956 1581 965 1594 ,
989 1555 1089 1598 ejusve.
1111 1564 1139 1583 in
1159 1552 1282 1582 absentia

58 1624 109 1649 rat
139 1589 167 1655 59-
213 1607 329 1638 Vicario
346 1607 373 1635 in
392 1603 585 1641 spiritualibus
606 1599 759 1636 Generali,
776 1608 824 1628 aut
839 1597 884 1627 alii
903 1596 1066 1633 cuicunque
1084 1603 1112 1623 in
1133 1593 1186 1623 hac
1207 1599 1282 1629 parte

58 1640 123 1686 Cari
147 1641 169 1685 ,ζ
212 1646 415 1678 authoritatem
432 1641 560 1677 habenti,
580 1638 625 1669 seu
643 1638 792 1675 habituro,
812 1636 947 1667 Salutem.

253 1684 297 1714 Ad
318 1683 488 1713 Rectonam
507 1681 540 1710 &
559 1677 719 1709 Ecclesiam
738 1675 936 1706 Parochialem
955 1672 990 1703 de
1009 1671 1175 1708 Tredington
1194 1668 1285 1699 vestre

215 1722 347 1755 Diocesis
362 1722 422 1761 jani
443 1727 594 1751 vacantem
611 1739 620 1754 ‚
638 1718 670 1748 &
689 1715 723 1746 ad
742 1714 866 1745 nostram
886 1712 1126 1756 presentationem
1146 1716 1283 1786 pcfssro·

216 1763 382 1794 motionem
410 1759 501 1790 ultimi
528 1755 725 1787 Incumbentis
752 1754 858 1783 ibidem
889 1751 924 1781 ad
940 1746 1208 1792 Episcopaturn'ffil
1221 1757 1286 1790 enar

216 1803 247 1833 in
266 1801 375 1840 Regno
395 1797 494 1829 nostro
513 1795 645 1825 Hibernia·
662 1790 1012 1833 spectantem,Dile6kum
1034 1787 1134 1819 Nobis
1152 1796 1180 1815 in
1196 1786 1286 1830 Chi-i-

215 1841 261 1872 sto
282 1837 456 1870 Willielmum
482 1834 570 1865 Smith
589 1833 676 1864 Sacre
694 1831 859 1869 Theologie
877 1827 1070 1860 professorem
1083 1848 1093 1864 ‚
1112 1826 1146 1857 δε
1163 1824 1287 1868 Gardia-

215 1889 289 1911 num
308 1877 435 1916 Collegii
455 1873 592 1904 Wadham
608 1871 679 1902 infra
698 1869 877 1900 Academiam
898 1867 1024 1898 nostram
1043 1867 1152 1909 oanie
1165 1887 1176 1903 ,
1194 1863 1287 1895 Vobis

216 1927 319 1950 tenore
343 1915 513 1954 presentium
537 1911 725 1949 presentamus
744 1919 751 1938 ε
787 1907 960 1940 Mandantes
978 1906 1010 1936 &
1028 1911 1200 1943 requirentes
1219 1912 1288 1946 qua-

218 1966 300 1987 tenus
319 1965 372 1986 vos
391 1953 513 1984 eundem
531 1949 702 1980 willielmum
719 1947 808 1978 Smith
833 1946 868 1977 ad
887 1944 1058 1977 Rectoriam
1077 1943 1111 1975 &
1130 1941 1289 1974 Ecclesiam

215 1994 414 2026 Parochialem
432 1993 466 2023 de
484 1990 649 2027 Tredington
666 1987 791 2026 prodieta
808 1986 960 2017 admittere
977 2008 987 2023 ,
1010 1982 1165 2027 ipsumque·
1176 1980 1291 2025 Rerfto-

218 2043 279 2065 rem
305 2032 431 2072 ejusdem
456 2039 488 2060 ac
509 2030 545 2060 de
563 2030 595 2059 ὃς
615 2029 645 2057 in
661 2026 761 2057 eadem
779 2025 923 2056 instituere
947 2031 1087 2054 canonice
1105 2024 1138 2053 &
1157 2020 1289 2051 investire

219 2082 289 2104 cum
308 2072 444 2102 omnibus
461 2068 512 2099 suis
526 2068 655 2106 juribus,
674 2065 812 2096 membris
828 2065 861 2096 δε
882 2062 1057 2101 pertinentiis
1074 2059 1227 2105 universis,
1242 2068 1291 2089 ce-

219 2121 334 2149 teraque
358 2109 459 2140 omnia
484 2108 517 2138 &
544 2105 647 2145 singula
673 2103 765 2135 facere
780 2126 790 2141 ‚
814 2111 970 2141 peragere,
994 2101 1027 2132 ὃ(
1046 2099 1216 2144 peri-inplere
1234 2107 1292 2137 que

220 2150 318 2180 vesti-o
337 2149 365 2178 in
380 2149 450 2218 f1³³3}t
457 2154 534 2185 parte
554 2144 729 2176 incumbunt
744 2141 857 2174 Officio
876 2139 1010 2173 Pastorali
1026 2162 1037 2179 ‚
1054 2138 1145 2170 velitis
1163 2147 1233 2170 cum
1251 2137 1293 2169 fa-

220 2199 292 2221 vore
311 2189 344 2220 &
362 2197 377 2218 e
403 2197 418 2216 e
452 2196 479 2216 u.

60 1706 85 1725 n.
102 1706 149 1733 42.

260 2266 293 2296 ln
308 2265 386 2304 cujus
401 2263 439 2293 rei
450 2285 460 2301 ‚
478 2261 539 2292 &c.

223 2381 236 2413 l
256 2342 348 2373 Teste
368 2341 450 2380 Rege
470 2338 544 2379 apud
568 2335 830 2378 Westmonasterium
846 2359 856 2373 ,
885 2333 1001 2366 decimo
1024 2333 1130 2365 octavo
1143 2331 1190 2363 die
1204 2333 1294 2372 Apri-

235 2393 271 2414 rs.

634 2454 688 2483 Per
705 2454 800 2481 Breve
813 2450 846 2482 de
863 2453 984 2481 Privato
999 2448 1106 2488 sigillo,
1125 2447 1189 2484 &c.

232 2534 385 2575 Confimr'les
407 2535 521 2563 Lite-ras
544 2532 677 2560 Parentes
693 2528 796 2559 habent
814 2526 929 2568 Perfime
945 2526 1098 2566 Subfiripte
1113 2525 1168 2565 βό
1182 2524 1297 2566 diverfir

587 2572 671 2599 etiam
685 2568 760 2598 datis
774 2565 943 2607 Subscriptss.

265 2646 427 2681 Natham'el
440 2645 567 2677 Tomki'ns
583 2667 592 2683 ,
619 2644 649 2675 S.
667 2644 709 2675 T.
730 2643 763 2675 B.
781 2643 869 2675 habet
886 2642 1047 2674 consimiles
1068 2640 1176 2672 Literas
1194 2639 1297 2672 Paten-

230 2688 272 2721 tes
298 2689 334 2718 de
358 2687 513 2717 donatione
539 2684 571 2716 ὅ(
599 2682 781 2714 concessione
804 2683 838 2712 ad
858 2681 1038 2713 Prebendam
1058 2680 1115 2710 sive
1135 2678 1299 2709 Canonica-

228 2737 292 2760 tum
311 2729 340 2756 in
361 2724 486 2756 Ecclesia
506 2721 667 2753 Catliedrali
688 2721 871 2760 Wigorm‘enfi
882 2743 891 2759 ‚
910 2719 1001 2750 modo
1018 2728 1066 2756 per
1084 2727 1209 2748 mortem
1228 2717 1300 2747 Tho-

230 2779 270 2798 me
295 2766 449 2796 Thorneton
475 2761 565 2792 ultimi
593 2760 777 2791 Prebendarii
796 2760 919 2798 ejusdem
937 2766 1089 2788 vacantem
1105 2780 1115 2794 ‚
1142 2758 1175 2788 &
1193 2756 1228 2786 ad
1248 2766 1301 2786 no-

232 2807 317 2837 stram
336 2801 571 2842 presentationem
592 2799 677 2835 pleno
689 2798 753 2836 jure
773 2798 830 2829 sive
849 2798 946 2836 aliquo
964 2797 1020 2827 alio
1041 2804 1215 2833 quocunque
1234 2804 1299 2824 mo-

234 2845 273 2875 do
293 2844 309 2874 s
325 2843 492 2877 ectantem3
530 2837 568 2868 Et
587 2838 606 2857 ¹*
632 2837 799 2867 mandantur
817 2839 944 2868 Decanus
966 2832 1004 2869 ὠ
1025 2833 1180 2874 Capitulum
1199 2832 1301 2864 Eccle-

235 2884 270 2915 sie
320 2879 466 2912 athedralis
485 2876 691 2915 Wigornienfis,
711 2875 789 2913 quod
806 2875 931 2907 eundem
945 2871 1144 2904 Nathanielem
1157 2872 1302 2912 Tompkins

237 2922 272 2954 ad
290 2920 410 2951 eandem
430 2914 606 2948 Prebendam
623 2915 787 2945 admittant.

105 2863 217 2891 *Xth

92 2913 153 2942 ¹37·

277 2997 312 3029 In
328 2996 408 3034 cujus
425 2994 482 3032 rei,
500 2992 561 3023 &c.

277 3072 369 3106 Teste
383 3073 468 3110 Rege
482 3069 553 3109 apud
574 3066 851 3107 westmonasterium,
867 3065 982 3097 decimo
998 3065 1077 3096 sexto
1092 3064 1138 3096 die
1150 3064 1297 3135 Αρνίἒὶξ.8

276 3187 476 3227 christophorus
494 3183 628 3223 Newsted
638 3206 647 3220 ‚
686 3182 721 3213 Α.
741 3181 787 3212 Μ.
808 3181 893 3212 habet
913 3181 1023 3212 Literas
1041 3180 1171 3211 Parentes
1186 3180 1223 3210 de
1241 3179 1309 3210 Pre-

246 3228 397 3259 sentatione
421 3226 456 3256 ad
475 3224 614 3253 Vicariam
632 3223 665 3252 δε
684 3221 841 3252 Ecclesiam
861 3219 1056 3250 parochialem
1083 3219 1181 3248 Sancte
1205 3218 1308 3248 Helene

242 3271 273 3297 in
296 3266 439 3303 Abington
465 3261 596 3294 Diocesis
618 3263 738 3297 Sarum,
762 3269 812 3297 per
837 3258 1062 3297 deprivationem
1084 3257 1224 3287 Edwardi
1242 3261 1311 3288 Roas

245 3304 353 3336 Clerici
376 3304 467 3334 ultimi
493 3300 689 3331 Incumbentis
708 3299 813 3328 ibidem
838 3299 895 3336 jam
922 3297 1060 3335 legittime
1079 3304 1228 3326 vacantem
1244 3320 1254 3333 ‚
1277 3296 1310 3325 ὃς

246 3343 282 3374 ad
311 3341 436 3372 nostram
461 3340 647 3370 donationem
673 3338 760 3376 pleno
779 3337 838 3372 jure
857 3336 1032 3373 spectantem
1050 3347 1060 3373 ς
1097 3334 1134 3364 Et
1152 3334 1312 3372 diriguntur

246 3384 284 3413 he
310 3381 405 3411 Litere
432 3378 607 3411 Reverendo
625 3378 654 3407 in
679 3375 798 3407 Christo
817 3375 892 3405 Patri
909 3374 1046 3404 Domino
1064 3372 1198 3411 Johanm’
1215 3376 1312 3403 Sarum

249 3420 272 3451 E
295 3419 350 3449 isco
372 3428 402 3448 o.

275 3429 374 3489 19Ιίῗίὶιῗτ
393 3457 477 3493 Rege
496 3455 570 3493 apud
590 3451 866 3493 [Vcstmonasterium‚
884 3450 1023 3482 vicesimo
1042 3450 1088 3480 die
1103 3449 1195 3488 Junii.

287 3533 436 3564 Gulielmur
457 3532 546 3562 Smith
563 3555 572 3568 ,
599 3531 629 3561 S.
651 3530 694 3561 T.
715 3529 751 3561 P.
779 3529 864 3559 habet
882 3527 1043 3558 consimiles
1062 3526 1168 3557 Literas
1186 3526 1316 3557 Parentes

251 3572 287 3603 de
307 3572 513 3603 Presentatione
531 3571 565 3601 ad
585 3569 728 3600 Vicariam
745 3568 801 3599 five
819 3566 973 3598 Ecclesiam
993 3565 1188 3596 Parochialern
1201 3565 1237 3595 de
1250 3567 1317 3593 Tre-

253 3611 363 3648 dington
391 3609 519 3640 Diocesis
545 3607 734 3648 Wigornienfis
748 3631 758 3645 ‚
781 3616 832 3645 per
852 3605 1072 3635 Promotionem
1088 3604 1181 3634 ultimi
1202 3602 1319 3632 lncum-

254 3650 345 3679 bentis
376 3649 486 3678 ibidem
518 3647 553 3677 ad
583 3647 790 3684 Episcopaturn
816 3643 967 3683 Kilfanora
1000 3643 1028 3671 in
1064 3641 1171 3684 Regno
1189 3641 1320 3670 Hibernie

255 3688 300 3717 vel
320 3697 368 3724 per
384 3687 578 3716 simoniacam
597 3686 763 3724 pravitatem
782 3684 825 3713 vel
841 3693 890 3720 per
910 3682 1030 3720 Lapsum
1051 3689 1187 3717 temporis
1206 3680 1250 3709 vel
1264 3680 1321 3709 alio

259 3735 431 3762 quocunque
451 3726 542 3755 modo
560 3733 708 3754 vacantem
723 3746 733 3761 ‚
760 3723 793 3753 δε
811 3723 845 3752 ad
863 3720 990 3751 nostram
1008 3718 1246 3750 Presentationem
1260 3718 1322 3755 jure

262 3762 441 3801 Prerogative
469 3763 514 3792 Re
535 3765 560 3793 ie
582 3763 782 3799 speetantemg
813 3760 851 3791 Et
873 3760 1034 3796 diriguntur
1059 3757 1096 3786 he
1114 3756 1209 3786 Litere
1225 3755 1323 3787 Reve-

262 3801 351 3829 rendo
384 3803 414 3831 in
439 3800 522 3831 Chris
538 3811 557 3831 o
582 3802 656 3832 Patri
684 3799 818 3830 Domino
846 3798 969 3837 Johanm'
995 3794 1170 3835 Wigornienfi
1202 3793 1323 3835 Episco-

262 3847 387 3906 poTeste
404 3875 487 3913 Rege
505 3877 578 3914 apud
597 3875 877 3916 westmonasterium,
896 3882 997 3913 quarto
1013 3873 1058 3904 die
1079 3872 1173 3912 Junii.

210 3985 215 3988 ,
296 3951 454 3981 Edwardus
473 3950 616 3988 Boughton
631 3975 640 3990 ,
658 3952 789 3983 Clericus
804 3975 813 3990 ‚
840 3949 883 3981 Α.’
896 3950 943 3980 Μ.
961 3950 1045 3981 habet
1065 3948 1224 3980 consimiles
1244 3947 1323 3978 Lite-

258 3999 300 4020 ras
329 3989 455 4019 Parentes
482 3990 518 4019 de
548 3989 753 4020 Presentatione
771 3991 805 4021 ad
824 3989 993 4019 Rectoriam
1012 3989 1044 4020 &
1061 3987 1214 4019 Ecclesiam
1233 3985 1322 4016 Paro-

258 4027 381 4059 chialem
399 4026 434 4057 de
454 4029 617 4056 Tormarton
636 4027 765 4058 Diocesis
786 4027 998 4065 Glaucestrienfis
1014 4029 1069 4064 jam
1089 4034 1235 4056 vacantem
1249 4049 1259 4061 ‚
1287 4025 1320 4055 ὃς

257 4066 291 4097 ad
316 4065 444 4097 nostram
459 4065 693 4104 presentationem
710 4075 760 4104 per
777 4065 937 4096 simoniam
957 4066 1013 4096 sive
1031 4075 1080 4103 per
1102 4064 1227 4104 Lapsum
1246 4071 1323 4095 tem-

1528 133 1924 185 LITERAE,

1303 224 1381 260 poris
1398 222 1576 260 spet‘tantem
1601 233 1611 261 3
1650 221 1688 252 Et
1706 221 1865 261 diriguntur
1880 219 1918 250 he
1938 217 2033 250 Litere
2051 217 2230 251 Reverendo
2249 221 2278 251 in
2301 219 2390 253 Chri—

1316 262 1361 292 sto
1381 261 1455 292 Patri
1472 261 1609 292 Domino
1627 259 1761 299 Godfrido
1780 257 1986 298 Glauceslrienfi
1999 256 2158 296 Episcopo.

1317 338 1358 368 lrr.

1353 413 1500 452 Johanner
1527 416 1587 444 Sco't
1600 437 1610 452 ‚
1636 414 1665 445 S.
1684 413 1724 445 T.
1743 414 1776 444 P.
1796 412 1933 445 Decanus
1951 411 2073 442 Eborum
2088 435 2097 452 ‚
2121 412 2205 442 habet
2231 411 2392 444 consimiles

1318 453 1425 484 Literas
1450 453 1582 484 Patentes
1606 453 1642 483 de
1666 452 1876 484 Presentatione
1899 451 1933 481 ad
1958 451 2127 483 Rectoriam
2151 451 2207 482 sive
2233 450 2392 482 Ecclesiam

1318 492 1519 523 Parochialem
1536 491 1573 522 de
1591 492 1719 521 Berwick
1733 495 1763 521 in
1777 490 1873 521 Elmet
1891 490 2022 521 Diocesis
2036 488 2233 530 Eboracenfis‚
2246 499 2294 528 per
2309 490 2394 529 spon-

1318 539 1429 562 taneam
1450 530 1518 561 Refi
1540 531 1686 560 nationem
1708 530 1800 560 ultimi
1820 528 2019 560 Incumbentis
2038 530 2149 561 ibidem
2167 538 2321 560 vacantem
2336 551 2346 567 ,
2361 528 2396 560 &

1317 570 1353 601 ad
1373 569 1500 600 nostram
1519 538 1726 613 52011ati0ncm
1746 567 1806 612 sive
1824 567 2065 598 Presentationem
2084 569 2171 607 pleno
2186 568 2250 605 jure
2268 568 2397 606 spectan-

1317 617 1378 639 tem
1395 620 1406 646 ;
1444 608 1481 639 Et
1502 607 1661 646 diriguntur
1685 607 1722 638 he
1752 606 1848 637 Litere
1869 605 2119 638 Reverendiffimo
2135 608 2163 637 in
2181 606 2301 638 Christo
2318 606 2396 637 Patri

1318 647 1456 678 Domino
1473 645 1592 676 Samueli
1605 645 1724 676 Eborum
1743 645 1978 683 Archiepiscopo.

1337 685 1447 733 “Teste
1465 685 1552 724 Rege
1569 685 1642 723 apud
1664 683 1924 726 Westmonastcrium
1938 706 1948 722 ,
1970 683 2116 715 tricesimo
2133 686 2231 723 primo
2245 684 2292 716 die
2311 687 2395 715 Mar-

1317 732 1362 765 fn.

1359 803 1486 846 Georgitfs
1499 803 1559 843 Guy
1576 825 1587 839 ‚
1613 801 1743 832 Clericus
1756 825 1766 839 ,
1794 800 1881 831 habet
1908 799 2069 831 consimiles
2085 799 2195 831 Literas
2209 799 2341 832 Parentes
2356 800 2394 831 de

1320 838 1528 884 Presentatione
1554 841 1588 870 ad
1613 840 1785 871 Rectoriam
1811 840 1847 870 de
1870 839 2011 877 Northope
2032 848 2101 869 cum
2123 839 2241 878 Capella
2259 839 2295 869 de
2316 839 2394 870 Flint

1321 878 1455 909 Diocesis
1479 878 1656 918 Affizphenfis
1676 880 1736 916 jam
1762 887 1912 909 vacantem
1929 901 1939 917 ‚
1958 878 2043 921 &fid
2061 877 2186 908 nostram
2206 878 2395 909 presentatio-

1320 916 2311 995 2223305?“33553220‘1'2‘35i3ff2n‘e‘3‘{affpiss'iffiufi‘sschgoffioeoe
2332 916 2394 948 ΚΦ

1807 967 1874 985 anm
1946 968 1964 986 a
2015 966 2053 985 nt
2096 966 2123 994 pi
2152 967 2172 986 o
2216 979 2221 985 .

1343 995 1449 1041 ..Teste
1469 994 1550 1034 Rege
1568 994 1644 1032 apud
1663 993 1921 1033 Wcstmonasterium
1937 1016 1948 1032 ‚
1970 994 2113 1026 tricesimo
2133 996 2229 1033 primo
2247 993 2293 1025 die
2312 996 2397 1025 Mar.-

1324 1041 1366 1063 tir.

1361 1110 1524 1141 Natham'el
1532 1110 1655 1151 Jackse'm
1668 1134 1677 1148 ‚
1703 1110 1835 1141 Clericus
1847 1132 1857 1147 ,
1884 1108 1920 1139 A.
1940 1107 1988 1139 M.
2007 1109 2093 1148 habet
2111 1110 2269 1141 consimiles
2289 1110 2397 1141 Literas

1323 1148 1454 1180 Patentes
1479 1149 1515 1179 de
1542 1150 1753 1180 Presentatione
1776 1148 1809 1180 ad
1838 1148 2008 1179 Rec‘ioriam
2028 1147 2154 1178 Ecclesie
2173 1148 2343 1180 Parocliialis
2360 1150 2397 1181 de

1322 1193 1482 1225 Stangrave
1503 1189 1634 1220 Dioceiis
1652 1186 1827 1228 Ebora'cenfis
1843 1209 1853 1225 ‚
1877 1197 1927 1225 per
1941 1196 2069 1217 mortem
2090 1185 2182 1217 ultimi
2200 1185 2399 1218 incumbentis

1325 1229 1434 1258 ibidem
1458 1237 1506 1258 aut
1533 1228 1630 1265 aliquo
1653 1227 1708 1258 alio
1731 1230 1824 1258 modo
1842 1235 2019 1265 quocunque
2038 1233 2190 1256 vacantem
2204 1248 2214 1263 ‚
2240 1226 2273 1256 ὃς
2289 1226 2326 1255 ad
2344 1235 2399 1256 no-

1326 1265 1411 1296 stram
1438 1266 1679 1297 Presentationem
1705 1275 1875 1304 quacunque
1893 1266 2003 1296 rarione
2022 1264 2108 1302 pleno
2123 1265 2184 1301 jure
2201 1264 2399 1302 spectantem3

1324 1304 1362 1334 Et
1379 1305 1536 1343 diriguntur
1557 1306 1592 1335 he
1613 1303 1708 1335 Litere
1727 1303 1978 1336 Reverendiffirno
1991 1305 2021 1334 in
2035 1302 2156 1334 Christo
2172 1303 2248 1334 Patri
2262 1302 2400 1333 Domino

1324 1343 1443 1374 samueli
1460 1343 1688 1381 Archiepiscopo
1704 1343 1836 1373 Eburum.

1323 1429 1342 1459 P
1363 1381 1454 1450 sllfei’te
1484 1382 1566 1421 Rege
1587 1384 1661 1420 apud
1679 1381 1939 1421 Westmonasterium
1954 1403 1964 1420 ,
1989 1380 2128 1412 vicesimo
2145 1380 2268 1419 septimo
2287 1379 2333 1411 die
2352 1381 2400 1409 A·

1343 1432 1366 1450 ΤΙ
1380 1431 1412 1450 75.

1367 1496 1520 1527 Richardus
1546 1499 1652 1536 Love,
1672 1496 1804 1528 Clericus
1821 1519 1830 1533 ‚
1855 1495 1891 1526 A.
1922 1493 1971 1527 M.
1997 1496 2083 1527 habet
2108 1495 2270 1526 consimiles
2293 1495 2402 1527 Literas

1329 1534 1461 1567 Parentes
1492 1537 1527 1567 de
1553 1535 1765 1568 Ptesentatione
1792 1535 1827 1565 ad
1854 1533 2022 1565 Reetoriam
2047 1534 2255 1572 de‘Eckington
2270 1533 2402 1565 Diocesis

1329 1576 1530 1615 coventriensis
1556 1575 1594 1610 &
1614 1574 1776 1616 Lrthmfis,
1803 1573 1896 1604 modo
1913 1583 1963 1611 per
1983 1573 2106 1611 Lapsum
2127 1575 2262 1611 temporis
2280 1573 2325 1604 vel
2344 1574 2401 1604 alio

1330 1614 1422 1645 modo
1441 1622 1589 1644 vacantem
1606 1637 1616 1652 ,
1631 1614 1664 1643 ὅ(
1683 1615 1736 1644 bac
1755 1614 1820 1643 vice
1838 1611 1873 1642 ad
1892 1611 2022 1642 nostram
2041 1612 2223 1643 donationem
2241 1612 2326 1649 pleno
2338 1612 2402 1650 jure

1329 1653 1503 1690 spectantem
1521 1664 1532 1690 ς
1568 1651 1607 1682 Et
1625 1651 1782 1691 diriguntur
1799 1651 1836 1681 be
1856 1650 1953 1681 Litere
1972 1649 2147 1681 Reverendo
2165 1652 2195 1682 in
2211 1650 2330 1681 Christo
2348 1650 2404 1681 Pa-

1331 1694 1365 1723 tri
1387 1692 1522 1722 Domino
1540 1691 1656 1727 Thome,
1673 1688 1864 1729 coventriensi
1875 1688 1914 1724 &
1929 1688 2059 1728 Lichenfi
2074 1688 2228 1727 Episcopo.

1335 1769 1351 1800 b
1370 1730 1460 1762 Teste
1479 1730 1563 1768 Rege
1579 1729 1653 1768 apud
1671 1728 2102 1770 Westmonasterium‚viceiimo
2119 1728 2242 1766 septimo
2256 1727 2301 1759 die
2317 1728 2402 1758 otlo-

1353 1780 1399 1799 rts.

1370 1845 1518 1887 Johannex
1542 1844 1646 1886 Mofi’ly
1662 1869 1672 1885 ,
1693 1844 1724 1876 S.
1742 1844 1783 1876 T.
1805 1844 1841 1876 P.
1862 1844 1948 1875 habet
1973 1842 2135 1876 consimiles
2152 1842 2258 1874 Literas
2275 1841 2405 1875 Patemes

1333 1886 1370 1917 de
1390 1886 1592 1924 presentatione
1617 1885 1654 1916 ad
1675 1883 1819 1916 Vicariam
1844 1893 2011 1921 perpetuam
2031 1882 2160 1914 Ecclesie
2179 1880 2350 1912 parochialis
2367 1882 2404 1913 de

1335 1926 1481 1956 Newarke
1494 1924 1576 1964 fiaper
1600 1923 1753 1954 Trentham
1769 1947 1780 1962 ‚
1800 1923 1863 1961 jam
1887 1923 2029 1962 legittime
2053 1930 2207 1953 vacantem
2227 1930 2277 1958 per
2293 1919 2408 1958 sponta-

1334 1973 1419 1995 neam
1443 1963 1660 2004 resignationem
1684 1962 1781 1994 ultimi
1805 1961 2003 1992 incumbentis
2025 1962 2134 1992 ibidem
2158 1962 2192 1992 ὃς
2218 1959 2253 1990 ad
2279 1959 2407 1991 nostram

1336 2003 1571 2041 presentationem
1587 2002 1761 2041 spectantem
1776 2012 1787 2039 ς
1824 1999 1860 2030 Et
1877 2001 2039 2038 diriguntur
2059 2000 2096 2030 he
2116 1999 2214 2030 Litere
2231 1997 2409 2029 Reverendo

1337 2043 1367 2072 in
1383 2041 1504 2073 Christo
1522 2042 1596 2072 Patri
1617 2039 1752 2071 Domino
1773 2038 1891 2069 Samueli
1909 2039 2137 2077 Archiepiscopo
2156 2037 2286 2068 Eborum.

1372 2079 1464 2113 Teste
1487 2079 1572 2120 Rege
1595 2079 1669 2118 apud
1692 2077 1949 2119 westmonasterium
1964 2101 1974 2117 ,
1993 2078 2131 2110 vicesimo
2156 2078 2242 2110 tertio
2258 2076 2306 2108 die
2325 2056 2422 2106 0230·-

1338 2119 1402 2151 bris.

1377 2197 1529 2228 Richardus
1541 2196 1676 2228 Steward
1686 2220 1696 2235 ,
1719 2195 1868 2233 Clericus,
1885 2194 1922 2225 L.
1942 2194 1978 2226 L.
1998 2193 2041 2226 D.
2058 2193 2145 2225 habet
2161 2193 2270 2234 Literas
2283 2192 2413 2225 Parentes

1339 2236 1376 2268 de
1402 2236 1556 2268 donatione
1580 2236 1615 2266 ad
1641 2235 1853 2266 Canonicatum
1876 2234 1934 2265 five
1955 2233 2136 2265 Prebendam
2160 2232 2231 2264 infra
2253 2232 2413 2263 Ecclesiam

1342 2276 1545 2307 Cathedralem
1573 2275 1789 2313 lVigornienfi‘m
1803 2298 1813 2312 ,
1839 2273 1932 2304 modo
1954 2282 2004 2310 per
2024 2282 2149 2304 mortem
2169 2270 2300 2302 Richardi
2313 2273 2412 2301 Potter

1339 2315 1448 2345 Clerici
1471 2315 1564 2345 ultimi
1590 2313 1790 2344 Incumbentis
1813 2311 1921 2342 ibidem
1939 2319 2088 2344 vacantem
2105 2324 2116 2350 ς
2143 2311 2162 2330 *²
2180 2312 2214 2344 ὃς
2233 2310 2269 2342 ad
2288 2309 2413 2341 nostram

1340 2354 1583 2384 Presentationem
1597 2353 1684 2391 pleno
1694 2353 1758 2391 jure
1773 2350 1958 2390 spectantem.

1339 2431 1360 2461 I*
1377 2392 1470 2424 Teste
1496 2391 1580 2431 Rege
1604 2391 1680 2431 apud
1705 2389 1968 2430 Westmonasterium
1981 2412 1993 2427 2
2017 2388 2137 2420 decimo
2156 2388 2277 2426 septimo
2291 2385 2337 2417 die
2352 2383 2413 2424 Ju-

1351 2444 1381 2462 11.

1376 2508 1538 2539 Edmundus
1561 2506 1663 2548 Masbn
1679 2531 1688 2546 ‚
1715 2506 1746 2538 S.
1764 2505 1806 2537 T.
1823 2504 1856 2536 P.
1875 2504 1962 2535 habet
1980 2501 2142 2533 consimiles
2159 2500 2266 2532 Literas
2280 2500 2413 2533 Patentes

1341 2547 1378 2578 de
1395 2548 1552 2579 donatione
1569 2547 1604 2578 ad
1623 2547 1807 2577 Decanatum
1825 2542 1953 2574 Ecclefie
1969 2540 2147 2585 Cathedralis
2159 2542 2258 2570 Sarum
2272 2562 2282 2578 ‚
2310 2550 2344 2571 ac
2356 2539 2415 2571 Di-

1363 2587 1480 2617 nitatem
1496 2585 1672 2616 Decanalem
1687 2585 1794 2614 ibidem
1804 2606 1813 2619 ‚
1831 2591 1882 2620 per
1895 2588 2110 2617 promotionem
2125 2577 2269 2617 Johannis
2284 2578 2414 2617 ΒοωΙες,

1342 2595 1373 2656 ξ.
1392 2625 1433 2655 Τ.
1454 2624 1489 2656 P.
1509 2624 1601 2655 ultimi
1623 2623 1735 2654 Decani
1750 2620 1873 2651 e'usdem
1888 2618 2016 2651 Ecclesie
2029 2617 2065 2648 ad
2081 2616 2288 2656 [episcopatum
2303 2616 2416 2656 Roffln·

1337 2663 1398 2732 gn:
1416 2663 1639 2731 janiiffiracsantem
1656 2685 1666 2700 ,
1690 2662 1723 2729 &lc
1738 2670 1752 2690 a
1786 2657 2115 2727 pestiam&ciii'irt¹attrlionem
2133 2656 2318 2688 collationem
2333 2658 2367 2688 &
2381 2656 2416 2687 li-

1366 2711 1441 2732 eram
1498 2709 1669 2736 portionem
1684 2709 1702 2736 p
1713 2708 1769 2729 eno
1780 2708 1842 2736 jure
1869 2707 1904 2734 pe
1984 2706 2000 2726 e
2036 2719 2042 2725 .

1367 2738 1473 2786 “Teste
1487 2738 1569 2778 Rege
1580 2737 1657 2777 apud
1671 2735 1950 2778 Wstmonasterium‚
1966 2734 2084 2766 decimo
2097 2733 2226 2773 septimo,
2235 2732 2281 2765 die
2296 2732 2432 2771 Februa-'

1343 2789 1392 2808 *rn-

1384 2856 1480 2884 Tomas
1500 2852 1610 2883 Comber
1622 2876 1631 2889 ‚
1655 2851 1684 2883 S.
1703 2851 1746 2882 T.
1765 2851 1799 2883 P.
1818 2851 1904 2882 habet
1927 2848 2088 2880 consimiles
2113 2848 2219 2881 Literas
2237 2847 2368 2880 Patentes
2380 2848 2418 2881 de

1349 2891 1544 2924 Conceffione
1564 2891 1598 2922 ad
1619 2891 1804 2922 Decanatum
1819 2890 1875 2921 sive
1892 2888 2038 2921 Officium
2050 2888 2162 2919 Decani
2174 2889 2205 2917 in
2219 2886 2345 2918 Ecclesia
2359 2888 2419 2919 Ca-

1344 2932 1470 2962 ·thedrali
1484 2929 1707 2972 Carliolenfijam
1723 2937 1874 2960 vacantem
1884 2951 1893 2967 ‚
1910 2929 1944 2961 &
1956 2927 1992 2958 ad
2008 2926 2135 2958 nostram
2151 2925 2344 2958 donationem
2361 2927 2419 2959 five

1351 2971 1538 3002 collationem
1553 2969 1640 3007 pleno
1651 2970 1714 3005 jure
1728 2968 1911 3008 spectantern.

1386 3008 1474 3041 Teste
1487 3008 1572 3049 Rege
1586 3008 1661 3046 apud
1675 3008 1818 3048 Curabar-y,
1836 3004 1976 3038 vicesimo
1989 3004 2098 3036 o&avo
2111 3002 2159 3034 die
2174 3003 2301 3045 Augusti.

2415 211 2495 244 Arm.
2501 209 2532 246 D

2437 253 2524 292 1629.

1332 300 1443 346 'Teste
1469 299 1554 340 Rege
1577 300 1651 338 apud
1674 299 1930 339 Westmonasterium
1951 320 1961 336 ,
1986 296 2205 336 quartodecimo
2230 297 2277 329 die
2299 300 2389 338 Apri-
2408 295 2463 359 ἐἰ
2482 301 2520 359 fx·-

2451 2326 2536 2355 *Χῐῖ

2436 2364 2499 2402 138.

1391 3086 1501 3124 Egidius
1517 3083 1680 3123 'Thornbury
1695 3107 1704 3121 ,
1731 3092 1802 3114 unus
1818 3081 2041 3120 Capellanorum
2056 3081 2181 3112 Domini
2195 3079 2288 3121 Regis
2307 3079 2423 3112 ordina·
2479 3100 2482 3103 -

1354 3126 1464 3155 riorum
1484 3124 1568 3154 habet
1592 3121 1757 3154 consimiles
1770 3121 1878 3153 Literas
1892 3120 2022 3152 Patentes
2035 3120 2071 3153 de
2086 3120 2243 3151 donatione
2253 3120 2287 3151 &
2303 3128 2426 3150 conces·

1355 3164 1432 3194 sione
1449 3162 1483 3192 ad
1500 3161 1714 3192 Canonicatum
1731 3160 1787 3192 live
1805 3159 1982 3191 Prebendam
1998 3160 2027 3189 in
2041 3158 2167 3191 Ecclesia
2182 3157 2344 3188 Cathedrali
2360 3160 2426 3188 Wi-

1352 3200 1488 3240 gornienfi
1495 3225 1504 3237 ,
1522 3209 1573 3238 per
1589 3208 1713 3230 mortem
1723 3198 1866 3238 Johannis
1880 3208 1971 3237 nuper
1986 3197 2124 3237 Episcopi
2136 3195 2311 3238 Affaphenfis
2325 3206 2426 3228 vacan-

1356 3241 1476 3278 tem,&
1491 3239 1526 3269 ad
1542 3237 1665 3268 nostram
1681 3238 1872 3270 donationem
1885 3237 1972 3275 pleno
1981 3237 2042 3275 jure
2058 3237 2104 3268 vel
2117 3236 2211 3274 aliquo
2221 3235 2278 3266 alio
2292 3243 2425 3274 quocun-

1357 3288 1413 3316 que
1443 3276 1536 3308 modo
1564 3277 1737 3315 spediantem
1751 3289 1761 3315 3
1798 3276 1836 3307 Et
1861 3276 2030 3307 mandantur
2055 3278 2186 3306 Decanur
2207 3272 2247 3308 ό-
2269 3272 2423 3312 Capitulum

1356 3316 1485 3349 Ecclelie
1504 3315 1679 3346 Cathedralis
1701 3315 1826 3354 prediete
1848 3314 1926 3354 quod
1940 3314 2063 3346 eundern
2079 3316 2105 3343 E
2125 3314 2206 3343 :dium
2217 3312 2373 3350 Thornbury
2386 3309 2421 3340 ad

1356 3353 1713 3424 euffdemssass‘migfflm
1728 3354 1849 3394 plenarie
1862 3353 2051 3385 instituant&
2066 3325 2216 3384 insiallent.

1413 3403 1431 3423 n
1445 3403 1525 3431 cujus
1538 3402 1595 3429 rei,
1649 3402 1676 3423 c.

1396 3432 1487 3464 Teste
1502 3431 1583 3469 Rege
1597 3430 1671 3468 apud
1686 3431 1830 3472 Canium,
1848 3430 1957 3462 οᾶενο
1972 3429 2018 3461 die
2031 3427 2158 3470 Augusti.
2190 3475 2192 3477 Ι

1400 3516 1566 3549 Willielmus
1590 3517 1718 3555 Peterson
1731 3541 1741 3555 ‚
1765 3517 1794 3549 S.
1809 3517 1852 3548 T.
1872 3516 1905 3547 P.
1927 3516 2012 3546 habet
2035 3514 2143 3545 Literas
2161 3511 2289 3542 Patentes
2304 3506 2341 3538 de
2362 3514 2425 3545 pie-

1361 3557 1517 3588 sentatione
1538 3556 1572 3586 ad
1596 3555 1764 3586 Rectorem
1786 3556 1822 3586 de
1838 3555 1960 3595 Dipford
1974 3553 2105 3584 Diocesis
2121 3547 2279 3587 Exonienfis
2296 3556 2345 3592 per
2359 3556 2427 3583 Pso-

1364 3597 1525 3638 motionem
1547 3595 1677 3623 Barnabe
1691 3596 1790 3624 Potter
1803 3594 1833 3625 S.
1853 3595 1894 3625 T.
1914 3594 1947 3624 P.
1965 3594 1998 3624 ad
2019 3591 2218 3632 Episcopatum
2238 3583 2428 3652 Carlmlerisem

1360 3635 1422 3673 jam
1436 3634 1575 3672 legittime
1592 3641 1740 3663 vacantem
1757 3655 1766 3669 ,
1788 3634 1821 3664 &
1838 3634 1871 3664 ad
1891 3631 2017 3663 nostram
2031 3629 2265 3669 presentationem
2282 3633 2346 3661 Jure

1365 3670 1640 3741 meivrstffssszff
1671 3671 1822 3715 &mm
1860 3671 1898 3738 ’ἐξ
1915 3659 2431 3744 ds20¹12⁰2htlfzrsst¹³eve¹ffl⁶0

1366 3721 1494 3780 lnTesie
1508 3710 1952 3787 Regetapudoffleffnffsserssm
1961 3712 2161 3785 :codrlzlzogecigo
2175 3740 2219 3770 die
2235 3739 2369 3769 Oblobrir·

1404 3832 1547 3870 Johannes
1567 3835 1680 3870 Hanger
1695 3856 1704 3867 ,
1728 3833 1757 3863 S.
1775 3834 1814 3863 T.
1833 3832 1865 3862 P.
1884 3832 1969 3862 haber
1989 3825 2146 3860 consimiles
2170 3824 2278 3868 Literas
2300 3823 2434 3855 Parentes

1367 3872 1404 3903 de
1419 3871 1621 3909 presentatione
1633 3872 1667 3902 ad
1683 3868 1854 3903 Rectoriam
1870 3869 1906 3901 de
1919 3865 2081 3898 Polebrouke
2098 3864 2225 3895 Diocesis
2241 3862 2435 3900 Petriburgen·

1359 3911 1400 3951 fis
1413 3933 1422 3947 ,
1448 3920 1496 3947 per
1518 3909 1638 3947 Lapsum
1659 3911 1797 3948 temporis
1816 3908 1862 3940 vel
1885 3907 1980 3943 aliquo
1999 3904 2058 3934 'alio
2075 3912 2251 3941 quocunque
2269 3901 2362 3932 modo
2373 3903 2434 3939 jam

1368 3956 1536 3986 vacantem,
1546 3949 1579 3979 ὃς
1592 3949 1625 3978 ad
1640 3948 1764 3979 nostram
1780 3945 2015 3986 presentationem
2029 3952 2083 3980 pro
2098 3942 2153 3974 hac
2167 3942 2231 3972 vice
2239 3939 2434 3977 spe&antem;

1367 3988 1405 4018 Et
1417 3987 1576 4025 diriguntur
1591 3987 1626 4017 he
1642 3987 1737 4018 Litere
1751 3982 1925 4016 Reverendo
1939 3983 1967 4012 in
1981 3981 2100 4012 Christo
2117 3980 2195 4012 Patri
2212 3980 2347 4010 Domino
2361 3976 2433 4008 :lho-

1367 4038 1407 4057 me
1417 4047 1427 4062 ,
1444 4024 1643 4062 Petriburgenfi
1658 4024 1813 4061 Episcopo.

1401 4063 1492 4095 Teste
1508 4062 1591 4102 Rege
1607 4062 1682 4100 apud
1697 4058 1969 4099 westmonasterium,
1987 4057 2113 4089 secundo
2128 4057 2174 4090 die
2189 4057 2323 4088 Odobrs's.
2377 4091 2402 4119 R

2404 4099 2432 4118 o.

2387 3633 2435 3653 ΓΕ·-
