2536 4255
772 138 875 180 ET
958 136 1224 180 ACTA

21 219 98 253 Arm·
113 217 155 249 D·
204 222 403 264 Chrislopherqs
418 226 531 261 Stronge
546 223 610 255 alias
624 225 744 262 Strang,
759 223 906 263 Clericus,
923 225 956 255 &
975 224 1062 255 Verbi
1078 223 1136 254 Dei
1147 222 1232 253 Con-

49 258 135 296 1634-
169 263 301 293 cionator
318 286 328 300 ‚
364 264 447 294 habet
469 263 738 294 confimilesLiteras
760 263 888 294 Parentes
911 263 945 293 de
969 263 1169 300 presentatione
1196 259 1231 290 ad

17 300 72 325 *An-
96 306 138 324 ¹0·
171 300 341 331 Redioriam
359 303 392 333 &
407 302 565 332 Ecclesiam
581 300 779 331 Parochialem
794 302 829 331 de
845 300 954 340 Bishops
970 301 1159 331 Marchardin
1168 299 1231 329 Co—

18 338 82 362 Car.
95 344 118 362 ¹-
171 340 272 369 mitatu
288 339 389 370 nostro
404 343 550 377 Dmonie,
575 339 704 369 Diocesis
724 339 899 377 Exonienfis‚
922 340 1058 377 legittime
1073 340 1107 370 &
1123 339 1158 369 de
1171 340 1230 376 jure

19 376 68 401 No.
87 382 138 409 59·
168 387 319 408 vacantem
339 388 388 415 per
407 379 573 415 pravitatem
594 377 725 406 Simonie
741 398 750 413 ,
779 378 812 407 &
833 377 867 406 ad
896 378 1020 408 nostram
1049 377 1232 415 presentatio-

166 425 236 446 nem
262 418 334 454 (pro
353 417 406 448 hac
421 418 503 452 vice)
533 415 723 452 speetantem3
740 414 779 444 Et
793 415 949 453 diriguntur
972 417 1008 446 he
1025 415 1118 446 Litere
1140 424 1170 445 ut
1188 417 1232 445 su—

186 464 224 484 ra.

164 464 184 493 p
204 491 294 523 Teste
309 492 393 532 Rege
416 491 491 529 apud
511 488 784 530 Wellmonasterium,
810 489 927 521 decimo
948 491 1070 530 septimo
1101 491 1146 522 die
1169 490 1230 530 Ju-

166 542 216 561 ml·
729 569 782 596 Per
798 569 891 597 Breve
906 567 939 597 de
953 569 1076 598 Privato
1089 566 1190 605 sigillo.

201 646 353 675 Richardus
377 642 492 682 Marsh,
517 642 663 680 Clericus,
691 643 779 674 habet
798 643 960 674 consimiles
976 644 1081 675 Literas
1097 644 1228 674 Patentes

165 683 202 715 de
221 684 422 721 presentatione
442 682 476 712 ad
500 681 714 712 Canonicatum
738 683 794 712 five
818 682 995 712 Prebendam
1018 683 1053 713 de
1070 683 1226 721 Usthwai'te

166 722 230 752 alias
242 720 421 760 Husthwaite
437 720 509 751 infra
522 719 680 751 Ecclefiam
696 719 822 750 nostram
837 719 1038 750 Cathedralem
1059 723 1093 752 ὃς
1110 721 1226 751 Metro-

166 761 314 798 politicam
329 759 403 789 beati
418 761 496 789 Petri⁴
509 758 631 788 Eburum
641 781 650 796 ,
661 759 720 796 jam
733 767 883 789 vacantem
893 781 901 795 ,
917 759 949 789 ὅ(
965 759 999 789 ad
1014 759 1137 789 nostram
1161 769 1225 796 pre-

163 798 352 828 sentationem
375 807 424 837 per
446 798 663 834 promotionem
680 796 776 827 dilecti
802 797 886 826 nobis
909 796 1053 834 Johannis
1078 796 1229 827 Bramhall

163 836 249 866 Sacre
267 835 430 874 Theologie
446 835 614 866 Professoris
630 834 664 864 ad
684 834 886 873 Episcopatum
903 836 939 865 de
957 838 1030 864 Derr
1069 836 1098 865 in
1117 835 1226 872 Regno

160 873 260 905 nostro
278 875 410 905 Hibernie
423 874 618 913 spectantem,
632 871 669 903 Et
682 873 840 911 diriguntur
856 873 890 903 he
907 873 1003 904 Litere
1048 873 1228 904 everendiffi-

165 923 219 943 mo
244 914 272 943 in
295 912 414 943 Christo
444 912 520 943 Patri
547 920 581 941 ac
607 909 741 940 Domino
769 910 904 940 Domino
929 911 1064 941 Richardo
1081 934 1091 949 ,
1128 913 1227 949 provi·

163 950 258 1018 derlitia
275 950 371 983 divina
388 949 510 981 Eborum
528 949 778 988 Archiepiscopo,
802 948 907 986 Anglie
926 949 1044 981 Primati
1062 950 1095 981 &
1110 950 1227 981 Metro-

188 999 208 1019 o
219 998 306 1020 itano.

166 998 186 1026 P
204 1027 294 1059 Teste
308 1026 391 1066 Rege
413 1025 489 1064 apud
507 1024 785 1065 Wllmonasterium,
807 1024 944 1057 vicesimo
958 1026 1066 1058 ocTtavo
1097 1027 1144 1057 die
1165 1025 1228 1066 Ju—

167 1076 217 1097 ml·

21 668 71 698 No.
88 668 135 704 58.

732 1103 786 1133 Per
805 1105 898 1132 Breve
912 1102 944 1132 de
963 1105 1068 1133 Pivato
1086 1102 1190 1141 sigillo.

204 1179 356 1211 Richardus
379 1175 493 1218 Marffi,
530 1177 679 1217 Clericus,
707 1179 795 1211 habet
815 1178 975 1210 confimiles
1001 1180 1108 1211 Literas
1128 1179 1229 1211 Paten-

24 1216 74 1243 N0·
94 1222 110 1249 5
114 1222 139 1249 7·
169 1227 210 1250 tes
226 1220 261 1250 ad
277 1218 490 1250 Canonicatum
514 1217 572 1250 five
594 1217 773 1249 Prebendam
798 1226 1011 1256 quamcumque
1033 1219 1103 1248 infra
1125 1217 1228 1248 Eccle-

169 1258 236 1289 siam
249 1258 378 1288 nostram
394 1257 585 1294 collegiatam
598 1256 634 1287 de
649 1259 752 1295 Rippon
768 1258 798 1286 in
813 1256 964 1287 Comitatu
979 1256 1076 1286 nostro
1093 1256 1229 1294 Eburum,

24 1299 137 1327 *xlx
167 1307 217 1335 per
233 1297 453 1336 promotionem
466 1295 611 1334 Johannis
625 1294 776 1324 Bramhall
791 1294 877 1325 Sacre
892 1295 1056 1333 Theologie
1074 1294 1093 1313 *²
1114 1295 1230 1325 Profes-

61 1340 129 1373 609.
163 1336 232 1366 loris
245 1336 279 1365 ad
294 1334 496 1374 Episcopatum
503 1334 538 1365 de
551 1336 642 1367 Derry
661 1334 692 1363 in
710 1333 816 1371 Regno
834 1331 932 1362 nostro
950 1333 1098 1371 Hibernis,
1105 1333 1166 1370 jam
1182 1343 1232 1364 va·

168 1382 284 1406 cantem

205 1396 383 1442 HaBet’idum
399 1409 603 1442 &tenendum
616 1407 776 1445 predictum
794 1407 1007 1439 Canonicatum
1029 1410 1084 1439 sive
1106 1410 1232 1441 Preben-

174 1452 242 1482 dam
260 1450 371 1489 prefato
389 1450 506 1479 Ricardo
522 1444 636 1484 Mmfh,
656 1446 774 1477 durante
788 1447 846 1476 vita
861 1447 906 1477 sua
922 1448 1037 1478 naturali
1053 1458 1123 1478 cum
1139 1450 1235 1478 omni-

173 1491 227 1520 bus
252 1491 285 1520 &
311 1488 425 1524 singulis
446 1484 595 1522 proficuis,
612 1485 673 1514 &c.
696 1485 777 1515 dieto
799 1484 989 1515 Canonicatui
1010 1485 1065 1516 five
1087 1485 1234 1517 Prebende

174 1526 372 1566 quovismodo
387 1524 591 1562 pertinentibus
614 1523 670 1553 five
685 1522 873 1560 imposterum
890 1524 1096 1562 spectantibuQ
1121 1526 1150 1555 in
1172 1534 1234 1556 tam

169 1565 272 1602 amplis
287 1563 381 1594 modo
397 1564 429 1592 &
448 1562 541 1591 forma
555 1569 638 1601 prout
654 1561 775 1598 prefatus
796 1561 942 1599 Johannes
965 1562 1115 1592 Bramhall
1135 1563 1236 1594 Cano·

170 1605 302 1634 nicarum
317 1603 372 1632 five
387 1599 568 1632 Prebendam
590 1599 748 1638 predictam
770 1600 867 1631 habuit
887 1601 920 1632 &
939 1602 1046 1639 tenuit,
1063 1609 1112 1632 aut
1134 1601 1235 1634 habere

175 1645 209 1675 &
224 1650 319 1672 tenere
333 1640 439 1670 debuit.

208 1679 255 1710 Eo
272 1678 350 1718 quod
368 1677 491 1715 expressa
506 1676 634 1715 mentio,
654 1677 716 1708 &C.

212 1718 246 1754 In
266 1717 345 1755 cujus
363 1717 421 1754 rei,
434 1716 496 1746 &o
964 1748 968 1755 z

209 1755 299 1787 Teste
322 1754 406 1795 Rege
419 1754 494 1792 apud
510 1752 786 1795 westmonasterium,
803 1753 928 1786 secundo
941 1755 987 1786 die
999 1755 1086 1795 Julii.

651 1794 705 1822 Per
726 1795 820 1823 Breve
840 1794 871 1823 de
894 1796 1015 1825 Privato
1029 1794 1133 1834 sigillo.

214 1875 336 1902 Brianus
353 1874 468 1910 Duppa,
493 1870 580 1901 Sacre
595 1869 764 1907 Theologie
786 1870 951 1909 Professor,
969 1872 1002 1902 &
1023 1871 1151 1904 Ecclefie
1175 1871 1235 1903 Ca-

176 1911 307 1943 thedralis
320 1909 431 1941 Christi
447 1913 553 1940 Oxonie
567 1909 704 1940 Decanus
713 1932 722 1945 ,
739 1909 827 1940 habet
841 1910 999 1941 confimiles
1016 1911 1122 1942 Literas
1133 1911 1236 1943 Paten-

175 1959 216 1982 tes
230 1951 265 1980 ad
287 1949 526 1980 Cancellariatum
547 1947 676 1979 Ecclesie
695 1946 875 1978 Cathedralis
894 1949 972 1978 beate
995 1952 1089 1979 Mario
1113 1953 1236 1987 Virginis

173 1992 290 2026 Sarum,
308 1997 432 2018 unacum
446 1986 593 2018 Prebenda
607 1986 642 2016 de
658 1985 825 2016 Brixworth
837 1987 866 2016 in
890 1986 1039 2018 Comitatu
1063 1987 1235 2028 Northamp-

173 2032 264 2065 tome,
291 2024 505 2065 Petriburgenfis
528 2025 658 2056 Diocesis
673 2026 704 2055 in
723 2024 823 2055 eadem
837 2024 962 2056 Ecclesia
980 2025 1113 2065 fundata,
1139 2028 1173 2058 &
1194 2029 1236 2058 ei-

175 2067 245 2097 dem
262 2064 477 2096 Cancellariatui
491 2073 690 2102 annexa,cum
706 2064 842 2093 omnibus
855 2065 887 2094 &
903 2064 1013 2102 singulis
1020 2065 1236 2104 domibus,&c.

171 2106 223 2143 pei·
240 2105 456 2142 promotionem
471 2103 607 2142 Francisci
622 2105 679 2132 Dee
697 2100 780 2132 Sacre
795 2101 963 2140 Theologie
979 2103 1146 2134 Professoris
1173 2105 1238 2135 uiti-

176 2144 221 2173 mi
242 2143 441 2174 lncumbentis
461 2140 586 2180 ibidem,
611 2140 646 2171 ad
667 2139 873 2178 Episcopatum
898 2141 1151 2210 Petriburgeffem,
1174 2143 1237 2180 J'am

173 2190 344 2220 vacantem,
360 2182 394 2212 &
409 2180 445 2211 ad
459 2179 587 2211 nostram
602 2179 837 2217 presentationem
846 2178 1038 2218 specstantem3
1085 2189 1096 2211 t
1108 2180 1238 2221 dirigun-

174 2227 220 2250 tur
239 2221 275 2250 he
290 2220 385 2251 Litere
400 2218 572 2249 Reverendo
587 2219 616 2248 in
629 2216 748 2248 Christo
762 2217 838 2249 Patri
855 2217 990 2249 Domino
1007 2218 1157 2259 Johanm‘,
1174 2230 1238 2260 per—

177 2258 311 2289 miffione
331 2259 426 2290 divina
446 2260 544 2287 Sarum
557 2256 714 2296 Episcopo.

213 2296 248 2327 In
262 2298 341 2334 cujus
353 2299 410 2335 rei,
429 2296 490 2327 &c.

211 2335 301 2366 Teste
326 2336 413 2374 Rege
433 2334 506 2373 apud
529 2331 805 2374 llle’stmonasteriurn,
827 2333 967 2365 vicefimo
981 2336 1077 2373 primo
1091 2336 1137 2368 die
1154 2340 1238 2368 Maii.

733 2375 788 2403 Per
803 2376 899 2403 Breve
920 2373 952 2403 de
966 2376 1086 2405 Privato
1101 2375 1202 2414 sigillo.

30 1900 80 1926 No.
98 1896 144 1931 56.

52 2474 79 2498 N
184 2483 186 2485 ,
215 2451 397 2482 Abrahamus
416 2454 534 2491 Grame,
550 2450 699 2488 Clericus,
714 2450 743 2480 in
760 2448 876 2480 Artibus
897 2449 1052 2490 Magister,
1067 2452 1154 2484 habet
1166 2463 1240 2484 con-

80 2480 100 2497 θ’
120 2479 156 2506 55
177 2490 280 2522 similes
296 2491 403 2521 Literas
422 2491 553 2521 Parentes
569 2489 604 2520 ad
620 2489 790 2520 Reecoiiam
806 2489 864 2519 five
874 2488 1032 2532 Ecclesiam
1048 2493 1240 2530 parochialem

176 2529 214 2560 de
230 2530 386 2559 Hardwick
407 2531 437 2559 in
458 2528 606 2559 Comitatu
628 2527 852 2565 Buckinghamie,
886 2528 1017 2558 Diocefis
1037 2530 1241 2570 Lincolnienfis‚

172 2569 232 2606 jam
249 2579 298 2606 per
313 2570 481 2606 pravitatem
491 2567 620 2597 Simonie
635 2566 691 2596 five
707 2575 756 2603 per
775 2566 897 2603 Lapsum
916 2568 1053 2604 temporis
1072 2568 1129 2598 five
1144 2569 1239 2606 aliquo

174 2605 231 2636 alio
253 2608 345 2637 modo
366 2615 542 2645 quocunque
561 2614 707 2635 vacantem
726 2627 734 2642 .,
767 2606 801 2635 &
817 2605 850 2634 ad
868 2603 992 2635 nostram
1008 2605 1244 2642 presentationem

177 2646 243 2683 (pto
257 2645 308 2675 hac
325 2646 400 2681 vice)
418 2645 613 2682 spe-stantem,
634 2643 671 2673 Et
686 2643 848 2679 diriguntur
863 2643 898 2672 he
916 2643 1011 2674 Litere
1023 2644 1245 2684 Johanni,per-g

178 2681 312 2713 missione
325 2684 420 2714 divina
438 2682 577 2712 Lincolm'e
593 2682 747 2719 Episcopo.

215 2721 304 2752 Teste
320 2721 401 2760 Rege
414 2721 489 2760 apud
504 2720 780 2760 Wstmonasterium,
799 2719 916 2750 decimo
936 2720 982 2750 die
997 2719 1093 2758 Jnnii.

715 2760 770 2788 Per
789 2760 883 2788 Breve
905 2758 938 2787 de
957 2761 1079 2790 Privato
1098 2759 1204 2798 Sigillo.

214 2832 361 2873 Johannes
377 2834 512 2871 Weme's,
530 2834 663 2865 Clericus
675 2858 685 2872 ‚
703 2835 733 2865 in
753 2834 870 2866 Artibus
887 2834 1040 2874 Magister,
1058 2836 1145 2868 habet
1167 2848 1240 2869 con-

178 2873 279 2904 similes
303 2873 409 2904 Literas
430 2871 564 2901 Patentes
587 2871 622 2901 ad
638 2872 817 2902 Prebendam
834 2874 891 2904 five
909 2872 1120 2905 Canonicatum
1141 2875 1241 2906 secun-

176 2912 245 2942 dam
263 2913 292 2942 in
309 2910 435 2942 Ecclesia
450 2908 613 2941 Cathedrali
636 2908 736 2945 Christi
759 2908 796 2942 όν
822 2909 899 2938 beate
926 2913 1021 2940 Marie
1037 2915 1159 2949 Virginis
1174 2918 1238 2943 Du-

174 2949 313 2989 nelmenfis
327 2950 492 2985 fundatam,
509 2958 557 2985 per
572 2947 780 2977 transsationem
802 2945 968 2977 Reverendi
990 2948 1019 2977 in
1039 2948 1158 2980 Christo
1182 2951 1237 2980 Pa-

175 2990 224 3020 tris
237 2988 387 3027 Augustini
403 2996 493 3024 nuper
507 2985 642 3025 Episcopi
660 2984 868 3023 Petrtburgenfis
886 2985 976 3015 ultimi
991 2985 1189 3018 incumbentis
1201 2988 1234 3018 si-

173 3038 209 3058 ve
223 3027 389 3058 Possefforis
402 3025 545 3063 ejusdem,
568 3025 626 3063 jam
645 3032 813 3066 vacantem,
840 3024 872 3054 &
893 3024 927 3053 ad
952 3024 1078 3054 nostram
1098 3025 1236 3062 presenta-

172 3067 285 3096 tionem
302 3067 365 3104 jure
379 3064 564 3101 prerogative
580 3061 673 3093 nostre
690 3061 782 3100 Regie
801 3061 866 3098 (hac
882 3062 960 3098 vice)
983 3063 1176 3102 specstantem3
1197 3065 1236 3096 Et

175 3105 334 3144 diriguntur
353 3104 388 3134 he
406 3103 500 3132 Litere
517 3100 688 3132 Reverendo
702 3101 729 3129 in
747 3099 866 3130 Christo
879 3099 957 3130 Patri
972 3100 1109 3131 Domino
1124 3103 1236 3142 Thome,

176 3143 273 3174 divina
288 3141 467 3182 providentia
483 3138 656 3180 Dunelmenfi
675 3138 827 3176 Episcopo.

211 3181 302 3213 Teste
316 3181 399 3220 Rege
412 3179 486 3217 apud
503 3177 774 3218 thmonasteriusm
794 3184 895 3214 quarto
910 3175 957 3207 die
972 3181 1056 3207 Maii.

727 3217 780 3245 Per
798 3219 891 3245 Breve
909 3216 941 3245 de
960 3218 1080 3246 Privato
1097 3217 1198 3256 Sigilh.

35 2834 83 2864 Na.
102 2844 152 2872 54.

211 3296 358 3337 Johannes
374 3293 481 3334 Wston
497 3318 508 3332 ‚
525 3293 674 3331 Clericus,
691 3293 779 3323 habet
803 3292 965 3323 consimiles
982 3292 1089 3323 Literas
1104 3292 1236 3326 Parentes

172 3335 209 3366 de
226 3335 435 3374 presentatione
452 3333 487 3364 ad
510 3331 676 3363 &estonam
692 3331 750 3361 sive
772 3330 929 3361 Ecclesiam
950 3330 1143 3362 Parochialem
1165 3335 1233 3365 om,-

172 3377 248 3404 ‘m'um
265 3375 425 3404 Sanflornm
443 3371 590 3401 Lumbard
604 3374 707 3400 Streete
726 3369 858 3407 London,
884 3369 974 3399 vestre
999 3370 1128 3401 Diocesis
1147 3381 1230 3408 pecu-

172 3413 265 3451 liaris,
281 3423 330 3450 per
344 3412 557 3452 promotionem
572 3407 707 3447 Francisci
722 3411 780 3438 Dee
794 3408 878 3438 Sacre
893 3408 1065 3445 Theologie
1090 3408 1234 3440 Professo-

174 3453 210 3482 ris
225 3452 258 3481 ad
273 3451 478 3489 Episcopatum
493 3446 723 3487 Petriburgensem
742 3447 798 3484 iam
819 3455 983 3484 vacantem,
1001 3448 1033 3477 &
1052 3447 1086 3477 ad
1106 3447 1232 3478 nostram

171 3490 405 3530 presentationem
430 3487 574 3524 legittime
595 3488 628 3517 &
648 3485 684 3515 de
707 3485 770 3521 jure
793 3484 985 3522 specstantem5
1013 3484 1050 3515 Et
1075 3485 1234 3523 diriguntur

170 3532 207 3560 lie
240 3528 338 3558 Litere
362 3524 612 3558 Reverendissimo
635 3524 666 3554 in
685 3522 802 3553 Christo
820 3523 896 3553 Patri
914 3522 1048 3553 Domino
1065 3523 1230 3564 aldhelm,

177 3567 357 3608 permissione
371 3566 467 3595 divina
479 3562 670 3602 cantuarienfi
680 3561 923 3600 Archiepiscopo,
950 3563 1034 3592 totius
1049 3562 1153 3599 Anglie
1170 3563 1232 3594 Pri-

175 3608 244 3637 mati
257 3607 291 3637 δε
306 3604 542 3642 Metropolitano.
855 3638 860 3643 ι

209 3644 299 3676 Teste
313 3643 400 3681 Rege
412 3641 485 3681 apud
500 3637 778 3680 Westmonasterium,
796 3636 914 3675 septimo
933 3637 980 3668 die
994 3637 1086 3676 Junii.

719 3679 773 3707 Per
790 3679 883 3707 Breve
900 3676 933 3706 de
952 3679 1071 3707 Privato
1089 3675 1191 3715 sigillo.

32 3308 81 3332 No·
98 3305 149 3341 53:

213 3760 357 3800 Johannes
373 3759 488 3789 Weemes
504 3779 514 3794 ‚
542 3754 691 3792 Clericus,
718 3753 804 3784 habet
821 3753 986 3784 confimiles
1003 3753 1108 3784 Literas
1128 3752 1232 3784 Paten-

174 3808 217 3832 tes
235 3799 270 3829 ad
289 3798 500 3829 Canonicatum
524 3793 579 3824 five
597 3791 778 3824 Pre‘bendam
805 3792 876 3822 infra
892 3792 1051 3822 Ecclefiam
1074 3791 1231 3822 cathedra-

174 3839 238 3869 lem
252 3835 472 3874 Dunelmensem,
488 3843 537 3871 per
558 3832 766 3863 transsationem
786 3829 950 3860 Reverendi
969 3832 999 3860 in
1009 3829 1125 3860 Christo
1144 3831 1232 3860 Patris

172 3874 320 3912 Augustini
340 3884 427 3911 nuper
444 3869 653 3909 Petriburgenfis
676 3869 827 3906 Episcopi,
853 3868 888 3898 ad
912 3868 1117 3910 Episcopatum
1141 3870 1231 3897 Here-

162 3915 275 3956 fordie,
289 3913 349 3950 jam
369 3921 536 3948 vacantem,
557 3912 591 3941 ὃς
607 3908 643 3939 ad
662 3907 788 3938 nostram
806 3907 993 3937 donationem
1016 3909 1050 3938 &
1072 3907 1233 3944 dilpositio—

168 3963 237 3984 nem
252 3952 287 3981 de
299 3952 360 3988 jure
373 3950 552 3987 spectantem.

194 3989 286 4022 Teste
305 3988 386 4026 Rege
400 3988 474 4025 apud
495 3986 768 4028 Welsmonaflerium²
788 3982 916 4013 secundo
942 3981 988 4012 die
1005 3982 1129 4028 Aprilis.
1148 4024 1152 4028 .

717 4025 771 4053 Per
794 4023 888 4052 Breve
904 4021 938 4051 de
959 4022 1079 4052 Privato
1097 4020 1198 4060 Sigillo.

34 3769 83 3793 No.
103 3773 153 3801 52.

205 4069 279 4099 Tam.
300 4066 384 4097 VIII.
404 4065 438 4094 P.
457 4065 506 4097 IV.

1309 135 1791 190 PUBLIGA.

1305 223 1453 261 Johannes
1469 229 1594 271 Toewers,
1612 227 1695 259 Sacre
1711 228 1873 268 Theologie
1887 229 2032 262 Professor
2042 255 2051 270 ,
2070 222 2208 263 Decanus
2223 230 2327 262 Eccle-
2349 223 2426 261 Ann.
2438 223 2483 263 Di

1270 259 1306 302 fic
1322 261 1495 305 Cathedralis
1510 265 1762 305 Petriburgenfis&
1777 278 1848 297 unus
1860 267 2078 305 Capellanorum
2093 270 2256 301 nostrorum
2266 269 2325 299 Or·
2368 270 2452 308 1634.

1271 297 1460 340 dinariorum,
1478 304 1564 334 habet
1584 305 1744 334 consimiles
1770 306 1875 336 Literas
1900 308 2030 339 Parentes
2055 309 2088 339 ad
2108 307 2323 339 Canonicatum
2349 310 2400 333 An.
2416 318 2460 338 ιο,

1268 335 1325 365 five
1343 338 1522 369 prebendam
1542 352 1741 380 quamcunque
1756 344 1827 374 infra
1848 344 2004 376 Ecclesiam
2030 347 2155 377 nostram
2181 345 2324 383 Collegia-
2347 348 2439 376 Car-1.

1269 381 1328 403 tam
1344 378 1437 405 Sanffl
1452 380 1529 408 Petri
1546 384 1575 409 in
1597 380 1840 419 Wstmonasterio,
1860 384 1949 413 modo
1966 393 2115 416 vacantem
2132 395 2182 422 per
2198 392 2323 413 mortem
2346 386 2393 409 No.
2412 387 2462 420 515

1269 413 1536 481 ἓαῑῑέζαίεωίέοςονι·
1550 420 1638 446 Bates
1653 418 1736 449 Sacre
1753 419 1914 458 Theologie
1923 422 2091 454 Professoris
2101 423 2191 454 ultimi
2203 421 2323 453 Incum-

1291 459 1362 480 eriis
1383 460 1429 489 eJu
1461 463 1518 483 em.

1306 488 1395 520 Teste
1411 490 1493 528 Rege
1508 492 1580 530 apud
1597 493 1855 533 westmonasterium
1865 518 1874 533 ,
1889 496 2012 528 secundo
2027 498 2073 527 die
2088 499 2205 536 Aprilis.

1809 536 1863 563 Per
1883 538 1977 565 Breve
1995 537 2028 566 de
2047 539 2170 567 Privato
2185 535 2286 575 sigillo.

2259 153 2337 199 '115

1302 603 1321 623 *⁵
1341 604 1474 634 Ricardus
1485 604 1635 648 ,Dukefi’m
1654 606 1798 647 Clericus,
1816 610 1900 641 habet
1915 611 2073 642 consimiles
2097 613 2201 644 Literas
2219 613 2321 644 Paten‘-
2342 616 2357 634 ¹*
2371 616 2457 644 XIX.

1265 649 1306 685 tes
1319 643 1353 672 ad
1368 642 1539 673 Redioriam
1556 643 1680 674 Ecclesie
1705 646 1875 678 Parochialis
1899 651 1995 678 Sanch
2016 651 2159 681 Clementis
2183 652 2322 681 Dacoruri·
2381 656 2447 683 610.

1264 690 1293 709 m
1312 680 1459 712 Comitatu
1476 681 1572 711 nostro
1589 682 1785 722 Middleftxie‚
1810 685 1938 717 Diocesis
1964 689 1997 718 &
2014 689 2222 726 JurisoiCtionis
2246 693 2322 719 Lon·
2343 696 2392 720 No.
2409 699 2459 728 5o.‘

1264 718 1333 761 don,
1351 729 1402 756 per
1421 729 1544 750 mortem
1558 720 1713 749 naturalem
1732 725 1825 759 Rogeri
1846 727 1931 753 Butes
1953 725 2037 756 Sacre
2062 728 2228 767 Theologie
2250 729 2323 758 Pro·
2448 724 2458 729 “

1265 757 1390 794 fessoris,
1407 759 1464 795 jam
1484 758 1622 797 legittime
1642 759 1675 788 &
1694 758 1729 787 de
1745 761 1807 796 jure
1822 771 1968 792 vacantem
1980 787 1990 802 ,
2007 766 2040 795 &
2060 766 2093 795 ad
2113 766 2238 797 nostram
2257 776 2322 804 pre-

1265 795 1451 826 sentationem
1469 797 1526 828 five
1544 806 1593 832 per
1613 797 1778 834 pravitatem
1801 798 1932 830 Simonie
1950 802 2005 832 five
2026 813 2073 840 per
2100 803 2226 842 Lapsum
2245 813 2321 835 tem-

1265 835 1340 869 poris
1358 834 1414 864 five
1432 834 1487 864 alio
1506 844 1676 872 quocunque
1699 835 1790 866 modo
1806 856 1816 872 ,
1841 838 1904 873 jure
1923 839 1969 868 vel
1994 841 2076 871 titulo
2104 852 2156 880 pro
2177 845 2229 873 hac
2255 844 2320 873 vice

1264 871 1458 915 spectantem,
1486 873 1524 902 Et
1548 873 1705 911 diriguntur
1723 874 1758 903 he
1778 873 1873 904 Litere
1891 873 2062 909 Reverendo
2080 881 2109 910 in
2129 880 2248 911 Christo
2266 880 2326 910 Pa-

1265 917 1301 978 ἓι
1315 919 1352 977 ,εἷς
1373 910 1513 941 Domino
1531 910 1665 941 Domino
1685 911 1849 951 Willielm,
1879 915 2059 952 permisfione
2081 920 2180 950 divina
2202 919 2324 949 London

1292 957 1321 985 pi
1335 958 1421 985 copo.

1301 986 1391 1017 Teste
1406 986 1492 1026 Rege
1508 987 1583 1025 apud
1597 987 1872 1028 Wstmonasterium‚
1896 999 1977 1020 nono
1997 991 2041 1023 die
2058 995 2175 1032 Aprilis.

1814 1030 1869 1071 ξεν
1888 1030 1981 1058 Breve
1998 1030 2030 1059 de
2048 1034 2166 1064 Privato
2186 1033 2286 1073 sigillo.

1303 1104 1418 1149 Thamar
1436 1107 1525 1143 Hide,
1545 1106 1690 1145 Clericus,
1714 1108 1745 1136 in
1767 1107 1883 1139 Artibus
1900 1108 2059 1148 Magister,
2075 1111 2159 1145 habet
2184 1116 2322 1145 confimi-
2344 1130 2384 1155 No
2414 1129 2463 1163 49>

1267 1142 1306 1173 les
1324 1144 1432 1175 Literas
1450 1145 1579 1176 Parentes
1593 1146 1628 1176 ad
1649 1145 1817 1176 Recioiiam
1835 1147 1871 1177 de
1886 1147 1996 1177 Abbots
2014 1151 2084 1179 Ann
2100 1150 2230 1183 Diocefis
2240 1156 2320 1183 Wn-
2389 1145 2394 1154 ’
2454 1146 2461 1153 ’

1266 1183 1404 1226 ίοφῄεηῄς,
1424 1184 1561 1221 legittime
1579 1185 1612 1216 ὃς
1631 1183 1668 1213 de
1682 1184 1746 1221 jure
1764 1194 1932 1223 vacantem,
1957 1187 1991 1218 &
2017 1186 2050 1216 ad
2069 1188 2192 1219 nostram
2211 1191 2323 1229 presen-

1266 1228 1405 1265 tationem
1424 1231 1472 1258 per
1486 1223 1654 1258 pravitatem
1673 1223 1819 1262 Simonie,
1836 1224 1892 1255 five
1911 1233 1961 1262 per
1979 1225 2105 1262 Lapsum
2124 1231 2276 1267 temporis,
2291 1231 2325 1260 si-

1267 1269 1303 1288 ve
1323 1259 1379 1290 alio
1400 1269 1573 1298 quocunque
1592 1260 1684 1291 modo
1702 1261 1755 1291 hac
1774 1263 1839 1293 vice
1864 1262 2038 1300 spectantem
2055 1274 2064 1302 3
2103 1264 2140 1295 Et
2165 1266 2326 1304 diriguntur

1268 1297 1304 1326 he
1330 1297 1426 1328 Litere
1450 1298 1624 1329 Reverendo
1651 1299 1678 1327 in
1705 1298 1823 1330 Christo
1850 1301 1925 1332 Patri
1948 1311 1982 1332 ac
2009 1302 2148 1334 Domino
2165 1305 2328 1344 Guahero,

1269 1337 1451 1372 permiffione
1466 1337 1563 1368 divina
1578 1339 1720 1367 Wintom'e
1737 1338 1893 1378 Episcopo.

1306 1374 1396 1405 Teste
1427 1374 1513 1414 Rege
1546 1376 1621 1414 apud
1655 1376 1915 1417 Wstmanasterium

1333 1415 1347 1420 ..
1992 1377 2108 1410 decimo
2140 1379 2262 1420 septimo
2287 1381 2333 1412 die

1273 1415 1356 1443 Mau.

1937 1397 1947 1418 ³¹

1817 1456 1872 1484 Per
1890 1457 1983 1485 Breve
2001 1455 2033 1486 de
2052 1459 2172 1488 Privato
2190 1457 2292 1496 Sigillo.

1309 1528 1441 1558 Ricardus
1456 1529 1600 1568 Steward‚
1619 1530 1736 1568 Legum
1754 1529 1898 1562 Civilium
1914 1531 2032 1562 Doctor
2048 1533 2082 1564 &
2104 1543 2175 1564 unus
2200 1534 2331 1575 Capella-

1272 1575 1374 1596 norum
1391 1567 1555 1598 nosti-orum
1573 1569 1812 1607 Ordinariorum,
1833 1570 2087 1601 habetconfimiles
2101 1572 2209 1604 Literas
2222 1573 2327 1605 Paten-

1273 1613 1314 1635 tes
1327 1605 1363 1634 ad
1381 1604 1563 1637 Decanatum
1577 1605 1704 1638 Ecclesie
1716 1607 1812 1637 nostre
1825 1607 2003 1639 Cathedralis
2017 1612 2077 1639 Cice
2101 1611 2254 1650 resisti-‚per
2263 1622 2329 1651 pro-

1274 1645 1438 1673 motionem
1455 1645 1591 1684 Francisci
1603 1649 1662 1675 Dee
1676 1646 1762 1676 Sacre
1774 1646 1942 1683 Theologie
1964 1646 2051 1678 Profe
2075 1649 2146 1687 oris,
2171 1653 2252 1681 unius
2268 1652 2330 1682 Cau

1274 1682 1453 1720 pellanorum
1470 1683 1635 1714 nostrorum
1650 1684 1868 1715 Ordinatiorum
1889 1687 1924 1716 &
1949 1685 2041 1716 ultimi
2068 1685 2183 1719 Decani
2203 1689 2330 1727 ibidem,

1273 1720 1309 1750 ad
1324 1719 1528 1763 ¹Episcopatum
1543 1723 1773 1761 Petriburgensem
1784 1724 1845 1761 jam
1858 1731 2009 1754 vacantem
2019 1746 2029 1761 ‚
2046 1725 2080 1756 &
2093 1726 2127 1756 ad
2142 1726 2268 1758 nostram
2276 1729 2330 1759 do-

1274 1766 1421 1789 nationem
1436 1760 1521 1797 pleno
1531 1760 1594 1797 jure
1607 1762 1798 1799 spectantem,
1815 1761 1992 1792 Habendum
2006 1764 2041 1794 &
2056 1765 2215 1796 tenendum
2231 1766 2330 1797 Deca—

1278 1805 1378 1840 natum
1393 1798 1553 1835 predictum
1567 1800 1675 1836 prefato
1689 1800 1803 1830 Ricardo
1820 1801 1952 1831 Stewara'
1972 1801 2090 1833 durante
2110 1804 2166 1834 vita
2187 1804 2234 1836 sua
2254 1814 2335 1838 natu-

1278 1836 1330 1866 rali
1346 1845 1414 1866 cum
1429 1837 1567 1866 omnibus
1577 1837 1704 1877 juribus,
1722 1839 1783 1870 &c.
2333 1840 2336 1841 ⁷

1315 1873 1349 1904 In
1367 1875 1446 1913 cujus
1460 1876 1518 1913 rei,
1541 1876 1603 1906 &c.

1312 1912 1402 1944 Teste
1419 1912 1499 1953 Rege
1517 1914 1591 1953 apud
1606 1914 1885 1955 Wstmonasterium,
1903 1916 2023 1948 decimo
2041 1928 2121 1950 nono
2138 1919 2186 1951 die
2203 1924 2290 1952 Maii.

1821 1958 1876 1986 Per
1894 1959 1987 1986 Breve
2004 1957 2037 1987 de
2055 1960 2176 1988 Privata
2193 1961 2295 1999 Sigillo.

2356 1558 2406 1582 No.
2419 1553 2467 1589 43?

1312 2030 1469 2070 Fran'cijlcus
1481 2032 1558 2070 Dee,
1575 2031 1659 2063 Sacre
1679 2032 1843 2072 Theologie
1863 2032 2023 2073 Professor,
2047 2033 2184 2066 Decanus
2206 2035 2336 2070 Ecclefie
2357 2050 2396 2076 No
2420 2050 2469 2083 47³

1275 2067 1455 2113 Cathedralis
1468 2070 1632 2114 Cicestrenfis
1645 2071 1678 2101 ὃ(
1693 2082 1766 2102 unus
1780 2072 2004 2112 Capellanorum
2025 2072 2192 2105 nostrorum
2208 2076 2337 2108 Ordina-
2400 2067 2406 2076 ⁵

1276 2117 1399 2146 riorum,
1426 2109 1511 2140 habet
1536 2110 1699 2141 consimiles
1723 2110 1834 2141 Literas
1859 2111 1989 2142 Patentes
2011 2111 2048 2142 de
2071 2111 2276 2149 presentatione
2299 2115 2336 2146 ad

1277 2145 1446 2179 Redioriam
1462 2148 1496 2179 ὃ(
1511 2147 1670 2179 Ecclesiam
1684 2149 1877 2189 parochialem
1895 2150 1930 2180 de
1944 2149 2037 2188 Castor
2055 2151 2118 2181 alias
2125 2151 2220 2190 Caster
2234 2154 2264 2183 in
2271 2153 2336 2184 Co-

1278 2187 1379 2229 mitatu
1394 2186 1623 2225 Northamptonie
1640 2187 1674 2218 &
1694 2187 1897 2228 Petriburgenfi
1912 2188 2047 2227 Diocefi,
2065 2198 2192 2221 unacum
2210 2191 2338 2230 Capellis

1277 2224 1373 2268 eidem
1389 2226 1611 2264 pertinentibus,
1631 2235 1681 2265 per
1693 2228 1910 2264 promotionem
1926 2226 2093 2258 Reverendi
2104 2229 2134 2259 in
2149 2228 2268 2260 Christo
2285 2230 2339 2261 Pa-

1275 2271 1324 2293 tris
1349 2263 1472 2294 Domini
1497 2264 1643 2303 Augustini·
1668 2264 1796 2304 Lindsell
1825 2275 1914 2303 nuper
1938 2265 2073 2304 Episcopi
2098 2268 2311 2308 Petriburgensts
2325 2291 2338 2308 ,

1276 2302 1311 2332 ad
1331 2300 1533 2341 Episcopatum
1553 2303 1715 2342 Herefordie
1739 2305 1798 2342 jam
1824 2312 1992 2341 vacantem,
2016 2304 2049 2334 δε
2074 2304 2109 2334 ad
2127 2305 2253 2337 nostram
2273 2317 2339 2345 pre*

1275 2339 1461 2371 sentationem
1485 2342 1549 2384 (pro
1568 2342 1622 2372 hac
1640 2342 1719 2379 vice)
1738 2342 1929 2381 speciantem3
1956 2342 1993 2372 Et
2019 2343 2176 2381 diriguntur
2202 2346 2238 2375 he
2258 2346 2338 2377 Lite—

1277 2389 1308 2409 re
1327 2378 1579 2410 Reverendissimo
1593 2382 1622 2410 in
1647 2379 1766 2411 Christo
1788 2381 1866 2412 Patri
1886 2380 2020 2412 Domino
2045 2381 2195 2421 Gulielmo,
2214 2387 2340 2415 Cantua-

1278 2416 1361 2485 rieffi
1380 2418 1621 2488 Αγεῑιὶερίῑὲἳρο.

1332 2466 1351 2485 n
1369 2466 1448 2494 cujus
1462 2467 1516 2495 rei,
1569 2467 1596 2488 c.

1315 2494 1405 2525 Teste
1420 2495 1500 2535 Rege
1514 2496 1588 2534 apud
1605 2496 1878 2536 westmonasterium,
1897 2495 2073 2528 duodecimo
2088 2498 2134 2528 die
2149 2501 2234 2530 Μιιίἱ.

1833 2538 1886 2566 Pei·
1902 2538 1996 2565 Breve
2014 2536 2045 2565 de
2064 2538 2184 2567 Privato
2202 2535 2303 2577 Sigillo.

1320 2610 1436 2641 Thomas
1452 2610 1594 2651 Jackfim,
1619 2612 1649 2643 S.
1667 2613 1708 2644 T.
1725 2611 1760 2643 P.
1785 2612 1870 2643 habet
1889 2612 1995 2643 Literas
2020 2611 2151 2644 Patentes
2167 2614 2203 2644 de
2221 2624 2341 2646 conces·
2361 2631 2412 2656 p„
2450 2632 2493 2656 ¹0*

1282 2648 1357 2680 fione
1383 2650 1417 2680 ad
1444 2651 1663 2682 Canonicatum
1689 2651 1744 2682 five
1766 2651 1945 2681 Prebendam
1972 2653 2002 2680 in
2024 2650 2148 2682 Ecclesia
2175 2652 2338 2684 Cathedrali
2360 2651 2446 2696 Car’r
2483 2650 2495 2657 ⁵

1281 2689 1480 2732 PVinfonienſj,
1508 2689 1598 2720 modo
1620 2698 1772 2720 vacantem
1796 2700 1846 2727 per
1864 2690 2078 2727 promotionem
2101 2690 2194 2721 ultimi
2221 2691 2338 2722 lncum-
2358 2711 2382 2742 p·
2406 2689 2495 2741 3'6Jff

1281 2726 1373 2757 bentis
1392 2728 1566 2765 e1uidemed
1580 2728 1786 2766 Episcopatum
1806 2727 1964 2766 Herefora',
1990 2727 2166 2759 Habendum
2187 2731 2220 2761 δε
2237 2739 2338 2761 tenen*
2365 2753 2377 2779 3
2382 2754 2411 2778 4·
2487 2731 2493 2735 “

1278 2764 1351 2794 dum
1376 2766 1537 2803 predi&um
1562 2765 1780 2797 Canonicatum
1811 2766 1868 2798 five
1896 2765 2072 2797 Prebendam
2098 2766 2208 2804 prefato
2239 2769 2337 2798 rhome

1278 2804 1406 2843 Jackson
1420 2805 1539 2835 durante
1555 2805 1616 2836 vita
1629 2805 1676 2835 sufi
1690 2804 1817 2836 naturali.

1313 2842 1404 2873 Teste
1422 2842 1503 2881 Rege
1520 2843 1596 2881 apud
1619 2841 1894 2881 Weslmonalterium,
1905 2840 2022 2871 decimo
2036 2841 2115 2871 sexto
2127 2841 2173 2872 die
2189 2845 2302 2873 Martii.

1815 2880 1870 2907 Per
1889 2881 1984 2908 Breve
2005 2879 2037 2909 de
2057 2881 2179 2910 Privato
2196 2881 2299 2919 Sigillo.

1312 2954 1478 2986 Willielmus
1493 2955 1643 2995 Robi'nffin,
1662 2955 1692 2986 S.
1711 2954 1752 2985 T.
1771 2954 1804 2985 P.
1823 2954 1909 2986 habet
1929 2955 2037 2986 Literas
2063 2955 2194 2988 Patentes
2218 2958 2254 2989 de
2271 2968 2337 2996 pre-

1274 2994 1428 3025 sentatione
1446 2994 1482 3025 ad
1502 2993 1674 3025 Rectoriam
1692 2993 1726 3024 &
1745 2992 1900 3024 Ecclefiam
1919 2995 2110 3031 parochialem
2136 2996 2171 3026 de
2197 2997 2337 3034 Bingham

1274 3034 1303 3062 in
1320 3032 1474 3065 Comitatu
1502 3032 1704 3070 Nottingham,
1729 3031 1861 3062 Diocefis
1878 3033 2016 3070 Eburum,
2044 3043 2094 3070 per
2117 3037 2333 3071 promotionem

1275 3071 1438 3102 Reverendi
1456 3073 1488 3101 in
1508 3070 1626 3101 Christo
1645 3070 1734 3101 Patris
1759 3070 1874 3099 Mathei
1893 3072 1996 3100 Wrenn
2023 3072 2115 3102 ultimi
2134 3072 2334 3105 incumbentis

1272 3110 1380 3139 ibidem
1401 3110 1435 3140 ad
1453 3109 1657 3147 Episcopatum
1674 3107 1827 3147 Hereford,
1841 3109 1901 3146 jam
1920 3112 2131 3147 vacantem‚&
2150 3111 2183 3140 ad
2201 3112 2331 3144 nostram

1270 3147 1504 3185 presentationem
1522 3148 1696 3186 spedtantem
1713 3158 1724 3184 3
1761 3147 1800 3177 Et
1817 3147 1973 3185 diriguntur
1993 3147 2028 3178 he
2046 3148 2141 3178 Litere
2159 3148 2333 3182 Reverendo

1272 3187 1302 3215 in
1322 3186 1442 3216 Christo
1461 3187 1587 3217 Patriae
1606 3186 1742 3217 Domino
1760 3185 1895 3216 Domino
1911 3186 2044 3224 Ricardo,
2060 3186 2236 3225 providentia
2254 3189 2330 3221 divi-

1273 3234 1309 3255 na
1327 3225 1447 3254 Ehorum
1468 3224 1703 3262 Archiepiscopo.

1310 3262 1398 3294 Teste
1414 3263 1500 3301 Rege
1513 3264 1588 3302 apud
1606 3262 1882 3303 westmonasterium,

1817 3303 1870 3331 Per
1890 3304 1980 3332 Breve
2000 3301 2032 3331 de
2051 3303 2172 3332 Privato
2189 3303 2290 3354 sigillo.

2359 2981 2409 3006 No.
2429 2984 2474 3015 33¹3

1307 3377 1422 3409 Thomas
1441 3378 1538 3418 Webb,
1561 3378 1708 3417 Clericus,
1732 3379 1763 3409 in
1783 3378 1900 3409 Artibus
1918 3377 2076 3416 Magister,
2091 3378 2177 3410 habet
2190 3380 2327 3412 consimi-

1270 3418 1308 3448 les
1326 3419 1433 3449 Literas
1452 3418 1581 3448 Patentes
1603 3418 1639 3448 de
1657 3417 1858 3456 presentatione
1876 3416 1909 3447 ad
1936 3415 2102 3447 Reetoriam
2122 3417 2155 3448 &
2173 3418 2330 3452 Ecclesiam

1270 3458 1462 3494 parochialem
1479 3458 1574 3486 Sancti·
1593 3458 1670 3485 Petri
1687 3454 1726 3490 ὠ
1745 3457 1837 3484 saneti
1855 3453 1936 3484 Pauli
1954 3457 1982 3484 in
2002 3454 2328 3497 Civitate'Bathomenfi,

1270 3496 1398 3526 Diocelis
1420 3494 1607 3534 Bathonienfis
1640 3494 1678 3528 &
1705 3493 1841 3533 Wellensts
1856 3515 1866 3530 ,
1899 3502 1946 3530 per
1970 3494 2190 3530 promotionem
2216 3498 2325 3532 Georgii

1271 3534 1368 3572 th,
1387 3534 1419 3564 S.
1435 3533 1475 3563 T.
1493 3533 1525 3563 P.
1545 3534 1636 3563 ultimi
1654 3531 1852 3562 Incumbentis
1873 3531 1982 3561 ibidem
2006 3532 2039 3560 ad
2064 3531 2268 3568 Episcopatum
2285 3534 2323 3564 de

1269 3572 1404 3601 Limerick
1420 3573 1448 3601 in
1468 3571 1575 3610 Regno
1592 3571 1738 3607 Hiberum,
1752 3571 1812 3607 jam
1834 3578 2000 3606 vacantem,
2018 3571 2051 3600 &
2071 3572 2106 3599 ad
2125 3571 2251 3601 nostram
2281 3582 2324 3602 re-

1266 3610 1451 3641 sentationem
1471 3619 1522 3646 pro
1541 3611 1594 3640 hac
1612 3611 1676 3640 vice
1687 3609 1877 3646 spectantem,
1894 3606 1934 3638 Et
1949 3607 2148 3646 dirigunturlie
2158 3609 2253 3640 Litere
2283 3620 2323 3640 es

1267 3650 1393 3679 verendo
1408 3650 1436 3678 in
1451 3647 1571 3679 Christo
1585 3648 1661 3680 Patri
1678 3647 1814 3677 Domino
1828 3645 1984 3683 Willielmo,
2005 3645 2184 3688 Bathonienfi
2197 3645 2236 3681 ὅ)
2252 3648 2324 3678 Wel⁸³

1266 3687 1335 3726 lensi
1348 3686 1502 3724 Episcopo.

1270 3775 1287 3805 b
1304 3738 1393 3769 Teste
1409 3738 1495 3777 Rege
1515 3738 1587 3776 apud
1611 3735 1884 3776 Westmonasterium,
1903 3734 2041 3766 vicesimo
2065 3735 2149 3766 tertio
2172 3735 2219 3766 die
2244 3738 2330 3774 030<

1289 3786 1335 3806 ris.

2352 3403 2402 3428 No.
2420 3401 2464 3436 31'}

1821 3823 1874 3851 Per
1892 3823 1986 3851 Breve
2004 3820 2035 3850 de
2052 3820 2177 3852 PrIvato
2192 3821 2292 3860 Sigillo.

1307 3903 1325 3923 '¹‘
1350 3902 1493 3940 Johaunes
1520 3899 1594 3930 Suell
1616 3899 1762 3935 ClericuS,
1787 3898 1823 3928 Α.
1853 3897 1900 3927 Μ.
1933 3896 2018 3928 habet
2040 3897 2199 3938 consimiles
2224 3901 2332 3931 Literas
2355 3909 2374 3933 4
2403 3905 2492 3940 §HK-3

1272 3943 1402 3973 Parentes
1417 3941 1450 3970 ad
1478 3940 1642 3970 Rectoriam
1661 3938 1784 3968 ecclelie
1802 3936 1968 3974 parochialis
1990 3937 2026 3965 de
2040 3936 2123 3966 South
2138 3938 2203 3967 Hill
2219 3941 2247 3968 in
2265 3939 2328 3968 Co·
2387 3952 2452 3977 ⁶1¹,

1273 3984 1374 4013 miratu
1392 3979 1538 4015 cornubie,
1560 3977 1688 4007 Diocefis
1704 3979 1830 4018 Exorne,
1855 3985 1912 4012 jam
1935 3975 2080 4009 legittime
2096 3976 2129 4006 &
2149 3976 2258 4015 dejure
2278 3987 2327 4006 va·
2359 3994 2407 4018 No,
2421 3990 2467 4026 ὅςὴ

1273 4028 1388 4052 cantem
1412 4027 1460 4056 per
1482 4017 1648 4054 pravitatem
1672 4015 1816 4081 S¹m⁰¹f>¹e⁵
1840 4015 1872 4047 ὃς
1900 4012 1934 4045 ad
1951 4013 2076 4044 nostram
2095 4014 2331 4052 presentationem
2462 4020 2468 4024 ·

1770 4078 1772 4081 ,
1801 4061 1818 4081 2
2282 4058 2338 4091 pro
