2536 4255
222 146 272 182 ω
680 126 1971 186 CONVENTIONE8‚L1TERAE,

73 226 151 259 Anii.
164 224 205 255 l).
233 227 297 264 (sti,
316 227 368 257 hac
386 226 449 256 vice
463 224 654 261 spectantem,
674 221 711 252 Et
729 222 890 260 diriguntur
909 222 946 253 he
966 222 1063 253 Litere
1079 222 1256 256 Reverendo
1267 225 1298 255 in
1338 222 1439 253 fimiles
1452 222 1561 266 Literas
1574 220 1713 252 Parentes
1720 217 1756 248 de
1771 216 1978 262 presentatione
1994 217 2029 249 ad
2044 217 2214 253 Redi-oriam
2228 224 2325 254 Sane't'i
2345 222 2406 254 Al·
2419 216 2501 248 Ann.
2513 215 2536 248 E

1341 262 1412 291 berti
1429 262 1462 291 ὃς
1479 261 1647 291 Medietates
1666 257 1870 288 Restoriamm
1893 255 1930 285 de
1955 257 2102 288 Burnham
2122 262 2222 290 Sanste
2245 265 2406 301 Margarete
2447 262 2536 297 1633,

69 2927 85 2944 ⁰
104 2929 186 2959 xix,

103 2976 170 3004 531·

104 267 189 305 1633.
233 265 352 296 Christo
371 264 443 294 Patri
465 263 598 293 Domino
615 260 934 306 Barnabfficarliolenfi
948 260 1106 306 Episcopo,
1129 301 1134 306 ι
1625 301 1629 305 ,
1929 296 1934 301 ,
2141 301 2145 305 .
2520 308 2526 311 γ

76 308 130 332 An.
148 316 177 338 9.
264 304 353 334 Teste
372 302 453 341 Rege
468 301 541 338 apud
564 299 837 339 westmonasterium,
857 299 973 330 deeimo
988 309 1091 339 quinto
1107 300 1151 333 die
1165 301 1284 341 Aprilis.
1341 299 1380 334 ὠ·
1394 299 1541 344 Buraham
1558 308 1674 329 omnium
1697 296 1876 341 δᾳνιᾷοἵκνη,
1892 294 2026 339 Diocesis
2042 299 2242 338 Norwicenfis,
2260 309 2308 338 per
2325 311 2409 332 mor-
2423 299 2477 323 An.
2494 305 2522 331 9-

79 346 143 372 Car.
163 352 185 370 i.
1031 361 1034 364 .
1341 346 1401 368 tem
1425 338 1517 381 ultimi
1540 334 1740 379 Incumbentis
1763 334 1875 365 ibidem
1891 344 1952 372 Jam
1974 344 2151 379 vacantem,
2175 339 2209 370 ὅτ.
2225 337 2260 368 ad
2283 338 2409 383 nosti-am
2431 337 2529 364 Cam.

277 392 412 418 Hem-tm
429 392 484 418 cas-
502 395 596 425 emer,
615 386 763 424 ctericus,
779 387 808 416 in
824 386 941 417 Artibus
958 386 1114 427 Magister,
1130 389 1217 420 habet
1231 398 1302 418 con·
1340 375 1579 445 {ggssssfflgnff
1586 374 1967 444 (fflssffigffigpffiffiffl
1986 373 2411 455 {ziffrcss'ngffl‘r‘sshssssfiLffie

1978 452 1982 455 .
2118 436 2128 452 2
2400 434 2414 441 “

238 428 338 458 similes
358 427 464 457 Literas
481 396 614 456 fatentes
634 426 669 455 de
696 426 900 462 presentatione
925 425 959 456 ad
989 426 1130 458 Vicariam
1157 427 1250 456 sanese
1269 427 1302 456 δε

234 466 381 496 individue
401 467 551 494 Trinitatis
569 466 597 494 in
617 464 746 494 Civitate
764 467 912 494 Coventrie
941 463 1071 496 Diocelis
1088 468 1237 494 Coventrie
1264 462 1302 498 &—

233 503 447 541 Lichcnfis,per
470 513 593 534 mortem
614 503 707 533 ultimi
726 503 926 534 incumbentis
945 504 1054 534 ibidem
1072 505 1129 541 jam
1139 511 1301 540 vacantem,

231 544 263 573 &c
284 544 316 572 ad
337 542 462 572 nostram
482 544 719 580 presentationem
747 542 835 581 pleno
859 543 920 579 jure
946 542 1140 579 speiftantem3
1169 541 1207 570 Et
1232 541 1303 570 diri-

230 590 332 620 guntur
351 582 386 610 he
407 580 503 611 Litere
523 580 697 611 Reverendo
716 580 744 609 in
765 579 884 611 Christo
903 581 980 611 Patri
1006 580 1146 610 Domino
1167 578 1297 617 Roberto,

231 619 418 657 Covrntrienfi
435 617 473 653 ὠ·
495 619 622 658 Lichenfi
640 618 798 656 Episcopo.

246 668 250 670 ·
272 658 361 688 Teste
378 658 464 695 Rege
481 658 557 696 apud
573 657 849 697 Westmonasterium,
873 658 1009 689 vicesimo
1024 655 1102 686 sexto
1121 655 1167 686 die
1183 655 1303 694 Aprilis.

268 739 402 769 Ricardus
422 738 595 779 lValmefley,
613 737 800 776 Clericus,in
824 737 939 767 Artibus
957 735 1218 780 Magisterzhabet
1226 746 1300 766 con-

231 777 332 808 similes
358 778 464 808 Literas
490 777 619 808 patentes
644 777 680 807 de
704 776 911 815 presentatione
945 774 978 804 ad
1008 775 1177 805 Recitoriam
1204 776 1300 805 Sanc‘li

229 815 372 855 Johannis
391 815 515 854 Baptiste
532 820 561 846 in
578 815 737 845 Walbrooke
753 815 884 845 Diocelis
908 812 1043 851 London,
1068 823 1117 850 per
1136 813 1300 853 relignatio-

230 863 300 885 nem
320 855 413 886 ultimi
433 854 634 885 incumbentis
654 855 762 884 ibidem
778 853 838 889 jam
858 860 1028 895 vacantem,
1052 853 1086 883 &
1111 852 1145 882 ad
1173 854 1299 882 nostram

252 894 468 924 resentationem
487 893 572 930 pleno
589 893 652 931 jure
670 893 843 929 spectantem
860 900 870 927 3
909 888 947 931 Et
964 890 1125 927 diriguntur
1145 891 1180 921 he
1201 891 1297 921 Litere

228 903 406 963 Reverendo
426 934 455 962 in
474 931 593 964 Christo
613 932 687 963 Patri
706 929 846 960 Domino
874 926 1023 958 Wilrielnro
1041 951 1050 967 ,
1090 930 1208 960 London
1226 929 1298 970 Epi-

229 970 355 1039 scqsggste
371 1008 456 1048 Rege
472 1009 546 1048 apud
565 1005 827 1047 westmonasterium
843 1031 853 1046 2
876 1004 1002 1036 secundo
1016 1005 1062 1036 die
1081 1008 1163 1036 Maii.

265 1085 412 1124 Johannes
427 1089 529 1126 ltjvncr,
554 1084 699 1120 Clericus,
729 1084 758 1112 in
781 1081 897 1112 Artibus
917 1080 1070 1121 MagIster,
1096 1083 1181 1113 habet
1201 1083 1295 1114 consi—

227 1128 309 1156 miles
337 1127 444 1156 Literas
473 1126 598 1155 Pster-ites
622 1123 657 1152 de
684 1121 887 1159 presentatione
912 1122 946 1150 ad
979 1122 1120 1152 Vicariazn
1138 1123 1174 1152 de
1188 1123 1295 1163 Bibury

227 1164 360 1195 Diocesis
385 1163 544 1201 Glmccsr'rre
568 1163 626 1198 jam
656 1160 794 1199 legittime
823 1160 856 1189 &
877 1159 990 1202 dejure
1010 1170 1180 1197 vacantem,
1206 1162 1239 1192 &
1258 1163 1293 1192 ad

225 1202 353 1233 nostram
373 1202 604 1240 presentationem
622 1209 670 1236 per
690 1199 855 1236 pravitatem
874 1197 1005 1228 Simonie
1026 1198 1082 1230 sive
1101 1209 1150 1238 per
1167 1200 1291 1237 Lapsum

224 1243 362 1278 temporis
382 1243 433 1271 liae
453 1241 517 1269 vice
537 1238 727 1275 spec-“tantem3
757 1237 794 1266 Et
821 1237 979 1267 dirivantur
1006 1236 1042 1267 he
1070 1237 1165 1268 Litere
1193 1238 1294 1269 Reve-

224 1282 314 1311 rendo
330 1282 356 1310 in
376 1277 492 1308 Christo
512 1278 587 1307 Patri
610 1276 742 1305 Domino
761 1274 861 1313 Godfr1
882 1286 913 1312 o,
933 1275 1094 1314 Gloucestrie
1117 1276 1274 1316 Episcopo.

264 1318 353 1350 Teste
373 1317 450 1355 Rege
465 1315 538 1354 apud
556 1313 830 1353 lfls'estmanaslerium,
850 1316 934 1345 tertio
950 1315 995 1345 die
1012 1317 1096 1344 Maii.

268 1394 431 1424 Willielmus
448 1392 545 1431 olley,
564 1391 715 1429 Clericus,
733 1392 762 1421 in
785 1391 901 1422 Artibus
921 1390 1080 1430 Magister,
1098 1393 1184 1424 habet
1202 1392 1294 1423 consi-

226 1434 307 1463 miles
329 1433 430 1463 [ii-eras
451 1431 580 1461 Parentes
597 1431 632 1460 de
651 1430 857 1468 presentatione
877 1430 912 1460 ad
935 1429 1106 1461 Rectoriam
1125 1432 1161 1462 de
1190 1433 1288 1462 Wekm

226 1482 295 1502 cuii]
311 1470 407 1511 Lefint
426 1470 558 1500 Diocelis
577 1468 780 1508 Norwicenfis,
797 1469 857 1506 jam
877 1469 1017 1506 legittime
1047 1469 1080 1500 &
1109 1470 1223 1508 dejure
1242 1481 1294 1500 va-

224 1519 355 1547 cantem,
375 1511 408 1540 &
426 1509 459 1539 ad
479 1508 607 1539 nostram
627 1508 861 1545 presentationem
881 1517 931 1546 per
951 1507 1074 1545 Lapsum
1092 1509 1291 1548 temporishac

223 1551 288 1578 vice
306 1549 497 1585 spectantem,
518 1547 555 1577 Et
573 1547 731 1584 diriguntur
752 1546 787 1575 he
809 1546 903 1587 bitere
921 1546 1097 1578 Reverendo
1117 1549 1147 1578 in
1168 1547 1290 1578 Christo

224 1587 300 1618 Patri
320 1586 452 1617 Domino
471 1586 607 1622 Ricardo,
624 1583 791 1621 Norwiccnfi
813 1583 966 1622 Episcopo.

265 1624 350 1655 Teste
370 1625 455 1663 Rege
470 1624 545 1662 apud
566 1622 849 1664 Wstmonasterium,
863 1623 985 1661 septimo
1003 1623 1048 1654 die
1068 1627 1153 1655 Maii.

263 1701 424 1732 Willielmur
450 1700 629 1739 Woodhouse,
653 1699 803 1738 Clericus,
829 1701 858 1730 in
879 1700 996 1731 Artibus
1016 1701 1176 1741 Magister,
1206 1703 1291 1734 habet

223 1742 383 1772 consimiles
402 1741 508 1771 Literas
528 1741 657 1771 Parentes
673 1739 708 1769 de
735 1738 932 1769 irestntatione
950 1739 984 1769 ad
1004 1739 1150 1771 Vicariam
1169 1741 1205 1771 de
1219 1745 1290 1771 But-

222 1779 317 1816 cleighe
335 1790 405 1810 cum
425 1778 541 1817 Capella
559 1779 595 1809 de
614 1750 838 1818 Bolstoniorough
857 1787 965 1808 annexa
983 1801 993 1816 ,
1031 1779 1161 1810 Diocesis
1183 1780 1291 1810 Batho-

220 1818 314 1858 nienfis
333 1818 371 1853 ὠ
393 1817 550 1859 Wllenfis,
570 1827 618 1854 per
636 1825 760 1846 mortem
777 1817 869 1846 ultimi
887 1815 1088 1848 incumbentis
1102 1818 1212 1848 ibidem
1227 1820 1289 1856 jam

220 1866 387 1896 vacantem,
406 1859 440 1889 &
459 1858 495 1888 ad
514 1855 641 1887 nostram
668 1855 906 1894 presentationem
934 1856 1043 1886 ratione
1071 1857 1188 1887 minoris
1211 1860 1290 1890 etatis

221 1895 319 1927 Thome
339 1899 444 1926 Simcox
470 1895 631 1935 Armigeri,
657 1894 709 1924 hac
737 1894 799 1923 vice
813 1893 1005 1931 spectanterm
1024 1893 1063 1925 Et
1079 1894 1238 1935 diriguntur
1253 1898 1288 1929 he

220 1934 317 1965 Litere
333 1934 506 1965 Reverendo
521 1935 550 1964 in
565 1931 686 1964 Christo
701 1932 780 1963 Patri
789 1932 925 1962 Domino
940 1932 1100 1972 Willielmo,
1114 1935 1287 1966 Bathonien-

211 1972 241 2013 fi
255 1970 293 2006 ό
310 1973 432 2011 Wellenfi
447 1972 603 2010 Episcopo.

257 2010 347 2042 Teste
363 2011 451 2050 Rege
465 2011 540 2050 apud
557 2009 838 2050 westmonasterium,
860 2018 942 2040 nono
959 2009 1006 2040 die
1024 2013 1112 2042 Maii.

229 2096 231 2098 ·
256 2089 389 2119 Robertus
407 2089 532 2126 Weldon,
549 2087 696 2125 Clericus,
714 2088 742 2117 in
761 2086 878 2118 Artibus
901 2087 1059 2127 Magister,
1085 2088 1171 2121 habet
1192 2090 1287 2122 confi-

220 2127 300 2158 miles
324 2129 431 2159 Literas
451 2128 581 2158 Patentes
603 2127 638 2157 de
665 2125 870 2164 presentatione
892 2127 926 2156 ad
951 2126 1120 2158 Redioriam
1142 2129 1178 2159 de
1194 2129 1282 2168 IJham

219 2169 353 2203 Superiori
372 2166 502 2198 Diocesis
525 2165 750 2205 Petrtburgenfis,
766 2168 825 2204 jam
839 2166 985 2203 legittime
1001 2167 1034 2197 &
1048 2167 1084 2197 de
1096 2168 1159 2205 jure
1179 2179 1284 2200 vacan-

219 2212 295 2242 tem,
312 2207 345 2237 &
364 2206 398 2236 ad
415 2205 540 2236 nostram
562 2203 800 2243 presentationem
817 2212 866 2241 per
888 2205 1055 2242 pravitatem
1078 2205 1209 2238 Simonie
1228 2209 1284 2239 live

219 2252 268 2280 per
288 2243 412 2281 Lapsum
431 2246 570 2282 temporis
587 2244 639 2273 hac
659 2244 724 2273 vice
743 2243 940 2282 spestantem3
959 2243 996 2273 Et
1011 2245 1172 2282 diriguntur
1187 2246 1221 2277 he
1234 2247 1285 2278 Li-

218 2289 291 2358 teres
299 2281 472 2351 {evfrendo
489 2283 519 2313 in
540 2281 661 2313 Christo
680 2280 757 2313 Patri
782 2280 920 2312 Domino
947 2283 1118 2322 Augustino,
1140 2286 1284 2315 Petribur—

236 2331 268 2349 θη
279 2331 288 2347 1
327 2343 332 2350 i
354 2332 360 2351 1
374 2331 459 2352 (3000.

216 2331 235 2358 g
256 2331 351 2390 Testg
360 2346 442 2400 Rege
457 2359 533 2398 apud
549 2358 819 2398 Weslmonasterium,
835 2358 953 2390 decimo
966 2360 1049 2391 tertio
1065 2360 1110 2393 die
1126 2363 1212 2392 Maii.

259 2436 393 2467 Walterus
408 2439 530 2475 Harris,
550 2436 697 2474 Clericus,
725 2438 754 2465 in
775 2435 892 2466 Artibus
911 2435 1064 2475 Magister,
1090 2437 1175 2469 habet
1191 2438 1284 2470 confi-

221 2476 301 2505 miles
324 2477 400 2506 Liter
408 2487 430 2505 is
446 2476 576 2506 Parentes
593 2476 628 2506 de
650 2475 855 2515 presentatione
873 2475 906 2506 ad
928 2474 1098 2507 ReCmriam
1117 2477 1152 2507 de
1177 2478 1284 2507 Wolves

220 2514 342 2543 Nee-aton
353 2537 363 2552 ,
381 2515 447 2545 alias
466 2514 544 2544 Villa
564 2515 650 2543 Nova
668 2516 740 2553 Lupi
755 2513 884 2544 Diocelis
898 2515 1067 2544 Llandaven
1078 2526 1119 2552 ts,
1135 2526 1184 2553 per
1203 2526 1282 2546 mor-

219 2558 278 2579 tem
298 2552 390 2582 ultimi
410 2553 606 2583 incumbentis
624 2552 732 2582 ibidem
749 2553 808 2590 jam
830 2561 980 2582 vacantem
999 2576 1009 2591 ,
1045 2556 1078 2585 &
1095 2554 1129 2584 ad
1153 2554 1281 2586 nostram

218 2589 454 2628 presentationem
475 2592 560 2627 pleno
575 2593 636 2629 jure
655 2591 828 2627 ipeetantem
849 2603 858 2629 3
898 2590 934 2621 Et
953 2591 1116 2629 diriguntur
1131 2593 1167 2623 he
1188 2593 1281 2625 Litere

220 2627 397 2695 Rfverendo
417 2630 445 2659 in
462 2629 578 2659 Christo
600 2629 675 2660 Patri
695 2628 831 2659 Domino
850 2629 1008 2669 Is'illielmo,
1031 2631 1225 2672 Llandavenfi
1241 2632 1282 2663 E-

243 2675 297 2695 ico
319 2676 348 2696 o.

220 2674 240 2703 p
256 2675 346 2735 Telsie
362 2704 441 2744 Rege
453 2704 527 2743 apud
544 2704 815 2744 westmonasterium,
834 2704 955 2743 septimo
970 2706 1016 2738 die
1038 2710 1123 2738 Maii.

252 2781 385 2811 Ricardus
400 2781 549 2820 Paulinge,
566 2780 710 2818 Clericus,
729 2781 756 2810 in
774 2780 890 2811 Artibus
906 2781 1062 2821 Magister,
1088 2784 1174 2815 habet
1187 2787 1278 2817 consi.

218 2820 298 2850 miles
313 2821 419 2851 Literas
434 2820 561 2851 Patentes
576 2820 612 2850 de
629 2819 831 2856 presentatione
848 2820 882 2849 ad
898 2819 1068 2851 Reetoriam
1083 2825 1172 2851 Beate
1186 2827 1280 2855 Mar-ie

219 2861 337 2895 Μαίονές
350 2863 379 2889 in
396 2857 593 2896 ifl'alli'ngfhrd‚
612 2857 743 2887 Diocelis
759 2859 875 2895 Sarum,
894 2859 951 2896 jam
968 2859 1106 2898 legittime
1122 2861 1155 2890 &
1170 2861 1205 2892 de
1217 2863 1279 2900 jure

220 2906 389 2934 vacantem,
408 2898 440 2928 ἃ
457 2898 490 2927 ad
507 2898 634 2927 nostram
654 2896 889 2933 presentationem
904 2897 990 2934 pleno
1001 2899 1066 2935 jure
1082 2899 1126 2928 vel
1140 2900 1235 2938 aliquo
1248 2912 1277 2932 a-

221 2934 262 2965 lio
280 2945 453 2973 quocunque
469 2936 558 2966 modo
572 2935 763 2972 {perstantem3
786 2934 824 2963 Et
847 2934 1003 2974 diriguntur
1025 2941 1039 2953 ⁴‘
1059 2936 1096 2966 he
1114 2937 1206 2969 Litere
1220 2938 1280 2972 Re-

222 2974 348 3005 verendo
363 2974 393 3003 in
416 2973 533 3003 Christo
549 2974 624 3003 Patri
641 2973 772 3003 Domino
791 2972 934 3011 Johanni,
950 2978 1048 3004 Sarum
1069 2975 1224 3014 Episcopo.

255 3011 344 3043 Teste
357 3011 443 3049 Rege
458 3012 532 3050 apud
544 3011 814 3052 westmonasterium,
833 3012 950 3042 decimo
967 3015 1068 3051 quinto
1083 3015 1129 3046 die
1144 3019 1227 3046 Maii.

254 3089 401 3128 Johannes
422 3088 578 3127 Belgrave,
600 3088 748 3126 Clericus,
772 3089 804 3130 in
827 3088 943 3119 Artibus
958 3089 1171 3130 Baccalaureus,
1192 3093 1278 3126 habet

220 3129 382 3158 consimiles
398 3127 505 3157 Literas
520 3128 649 3158 Parentes
663 3128 697 3157 de
714 3129 916 3163 presentatione
931 3128 965 3157 ad
982 3129 1149 3160 Recioriam
1165 3131 1201 3162 de
1221 3135 1278 3161 Bu-

217 3166 379 3204 stingtloorpe
395 3166 525 3196 Dioceiis
541 3166 677 3195 Lincolnie
687 3189 694 3202 ‚
711 3166 772 3203 jim
787 3166 923 3203 legittime
939 3168 971 3197 ὃ(
985 3168 1020 3197 de
1036 3170 1097 3206 jure
1111 3179 1259 3201 vacantem
1270 3194 1280 3210 ,

219 3206 253 3235 &
268 3205 301 3234 ad
318 3205 442 3235 nostram
458 3203 693 3242 presentationem
712 3214 760 3241 per
776 3204 895 3242 Lapsum
912 3207 1049 3242 temporis
1072 3207 1126 3237 hac
1142 3209 1205 3238 vice
1218 3209 1278 3247 spe-

220 3243 371 3282 (stantem,
404 3243 440 3274 Et
462 3244 621 3281 diriguntur
644 3244 681 3272 he
704 3243 796 3274 Litere
818 3243 990 3274 Reverendo
1007 3245 1036 3275 in
1063 3244 1182 3277 Christo
1198 3247 1278 3279 Patri

220 3279 356 3311 Domino
370 3281 512 3319 Johanni‚
529 3280 669 3311 Lincolnie
684 3281 836 3318 Episcopo.

258 3319 346 3350 Teste
362 3320 442 3360 Rege
461 3320 534 3359 apud
549 3319 821 3359 westmonasterium,
842 3319 959 3350 decimo
981 3320 1103 3358 septimo
1124 3322 1171 3353 die
1193 3326 1278 3355 Maii.

258 3394 405 3433 Jahannes
419 3395 519 3435 Cooke,
536 3395 685 3435 Clericus,
705 3397 734 3426 in
758 3396 873 3426 Artibus
898 3396 1053 3435 Magister,
1079 3398 1167 3430 habet
1183 3401 1276 3431 confi-

221 3435 301 3463 miles
320 3435 423 3465 Literas
440 3434 567 3465 Patentes
589 3437 625 3466 de
648 3434 851 3471 presentatione
870 3434 904 3464 ad
923 3436 1087 3466 Reeloriam
1109 3439 1145 3467 de
1165 3439 1278 3480 Asbury

220 3470 351 3502 Diocesis
371 3475 493 3510 Exom'e,
520 3484 568 3511 per
584 3473 748 3504 Ceffionem
771 3473 863 3503 ultimi
884 3472 1078 3505 incumbentis
1098 3476 1206 3507 ibidem
1215 3480 1276 3516 jam

219 3520 386 3550 vacantem,
405 3512 438 3542 ὃ(
455 3512 489 3540 ad
507 3512 631 3542 nostram
648 3511 879 3550 presentationem
900 3512 984 3548 pleno
1004 3515 1064 3550 jure
1086 3514 1276 3555 specstantem3

221 3546 258 3589 Et
274 3549 427 3588 diriguntur
441 3550 476 3579 lie
494 3551 585 3581 Litere
602 3550 772 3581 Reverendo
786 3551 814 3580 in
832 3548 950 3579 Christo
966 3550 1040 3581 Patri
1055 3551 1195 3584 Domino
1217 3555 1276 3594 Jo-

215 3586 318 3624 Jepho,
337 3591 443 3617 Exom'e
463 3588 615 3626 Episcopo.

263 3625 351 3656 Teste
374 3626 453 3665 Rege
469 3627 541 3665 apud
564 3626 834 3667 (westmonasterium,
852 3626 990 3656 vicesimo
1005 3627 1052 3658 die
1076 3631 1161 3661 Maii.

261 3700 418 3732 Edmundus
439 3704 540 3742 Proby,
561 3704 705 3740 Clericus,
726 3705 754 3733 in
768 3703 887 3733 Artibus
903 3701 1059 3742 Magister,
1078 3705 1162 3736 habet
1183 3707 1276 3737 confi-

224 3738 303 3767 miles
320 3739 423 3771 Literas
438 3742 564 3772 Patentes
583 3744 617 3771 de
633 3753 659 3781 pi
667 3742 837 3772 esentatione
851 3741 884 3771 ad
901 3740 1069 3772 Rectoriam
1091 3744 1128 3774 de
1150 3745 1273 3782 Brouglo-

223 3782 270 3818 3⁰⁷!
285 3778 391 3815 Gifford
402 3780 529 3809 Dioce.is
543 3783 655 3817 Sar-mit,
675 3791 722 3817 px
739 3780 955 3818 reiignationem
972 3781 1064 3810 ultimi
1078 3781 1275 3813 Incumbentis

222 3813 329 3853 ibidem
342 3816 400 3852 jam
417 3828 581 3855 vacantem,
600 3819 633 3848 &
654 3822 686 3848 ad
702 3819 826 3848 nostram
850 3817 1081 3853 presentationem
1104 3821 1188 3857 pleno
1208 3822 1271 3859 jure

223 3853 233 3879 ί
256 3852 413 3894 εὲὶψῑ;ιι];
432 3857 466 3886 Et
480 3860 635 3893 uiriguntui·
651 3858 685 3887 lie
703 3858 793 3887 Litere
815 3855 984 3886 Reverendo
1001 3858 1030 3887 in
1054 3857 1174 3889 Christo
1197 3859 1271 3891 Patri

258 3897 357 3933 omino
370 3892 512 3932 Johanni,
531 3898 629 3924 Sarum
642 3894 796 3932 Episcopo.

214 3939 217 3941 ·
260 3926 281 3955 Ἰ
292 3927 349 3956 este
363 3929 441 3970 Rege
456 3934 528 3970 apud
543 3939 564 3961 n
573 3933 811 3972 ssiiionasterium,
828 3933 964 3964 vicesimo
979 3934 1086 3965 oetavo
1100 3934 1148 3965 die
1169 3937 1253 3966 Maii.

251 4008 380 4039 Robertus
391 4007 555 4047 Thompfhn,
574 4007 715 4047 Clericus,
735 4010 765 4040 in
780 4009 898 4041 Artibus
913 4010 1068 4051 Magister,
1088 4012 1173 4043 habet
1196 4021 1269 4043 con-

1339 452 1466 521 scqllggste
1481 488 1563 529 Rege
1577 488 1653 528 apud
1667 488 1926 528 Wellmonallerium
1935 513 1946 528 ,
1963 490 2111 522 tricesimo
2129 490 2178 523 die
2194 492 2279 522 Maii.

1378 567 1538 597 Edmundus
1554 566 1647 607 Wythe
1657 590 1667 605 ,
1683 565 1832 602 Clericus,
1851 568 1882 596 in
1897 567 2014 599 Artibus
2038 569 2197 609 Magister,
2214 570 2301 601 habet
2317 569 2411 601 confi-

1341 605 1420 636 miles
1438 606 1545 636 Literas
1560 605 1690 637 Parentes
1706 605 1742 634 de
1757 605 1964 642 presentatione
1985 608 2020 637 ad
2037 607 2204 640 Recitoriam
2228 610 2326 639 Sanb‘t'i
2349 609 2411 638 Ed-

1341 646 1435 674 mundi
1454 646 1483 674 in
1510 644 1636 676 Civitate
1659 642 1851 683 Norwicenst,
1874 653 1923 680 per
1945 653 2070 676 mortem
2094 648 2186 678 ultimi
2209 647 2412 678 incumbentis

1339 682 1450 713 ibidem
1459 683 1520 721 jam
1534 692 1704 720 vacantem,
1721 683 1753 714 &
1770 685 1806 712 acl
1826 681 1950 712 nostram
1972 683 2207 720 presentationem
2225 687 2334 717 ratione
2355 687 2412 716 mi-

1339 722 1416 750 noris
1429 722 1508 752 etatis
1525 720 1692 751 Elizabethe
1707 723 1835 750 Fawcett
1851 720 1970 752 Patroni
1987 721 2114 753 Ecclesie
2129 723 2164 754 de
2173 726 2272 755 Sanaeh
2280 725 2409 755 Edmun-

1340 759 1373 788 do
1388 760 1416 789 in
1434 759 1561 790 Civitate
1577 759 1747 798 Norwicenfi
1762 759 1908 797 predi&a‚
1929 760 1982 790 hac
1991 762 2056 791 vice
2071 761 2266 802 speeian‘temg
2285 762 2322 794 Et
2337 764 2406 794 diri-

1340 806 1445 837 guntur
1467 799 1505 828 he
1528 799 1624 830 Litere
1648 798 1823 829 Reverendo
1845 799 1874 828 in
1889 798 2009 830 Christo
2023 799 2100 831 Patri
2120 799 2256 832 Domino
2269 803 2406 840 Ricardo,

1339 837 1510 876 Norwicenfi
1535 837 1690 876 Episcopo.
1826 855 1829 857 >

1375 875 1464 906 Teste
1481 876 1563 916 Rege
1578 877 1651 915 apud
1667 874 1941 916 westmonasterium,
1960 875 2039 909 sexto
2054 877 2100 910 die
2117 877 2212 917 Junii.

1373 955 1519 984 Antonius
1533 958 1671 990 marten,
1689 952 1836 991 Clericus,
1852 954 1883 983 in
1901 953 2015 986 Artibus
2029 953 2186 994 Magister,
2212 955 2299 986 habet
2311 955 2407 986 consi-

1334 989 1415 1021 miles
1432 991 1537 1022 Literas
1554 993 1685 1023 Patentes
1697 992 1735 1021 de
1749 991 1954 1034 presentatione
1969 993 2004 1023 ad
2027 993 2198 1025 Rectoriam
2223 995 2259 1024 de
2282 994 2405 1025 Ruther-

1332 1027 1406 1066 feila'
1419 1033 1506 1060 Grace
1524 1032 1652 1061 Diocelis
1669 1033 1774 1060 Oxome
1785 1053 1794 1067 ,
1806 1039 1865 1067 Jam
1887 1031 2031 1067 legittime
2047 1032 2080 1062 &
2101 1034 2138 1063 de
2153 1035 2216 1071 jure
2237 1041 2406 1072 vacantem,

1336 1068 1369 1098 &
1385 1069 1419 1099 ad
1434 1068 1563 1105 nostram
1578 1070 1816 1109 presentationem
1833 1079 1880 1109 per
1900 1069 2024 1106 Lapsum
2041 1074 2181 1108 temporis
2203 1073 2258 1102 five
2279 1082 2328 1111 pei·
2344 1079 2407 1109 pra-

1336 1107 1454 1137 vitatem
1468 1108 1613 1145 Simonie,
1633 1109 1687 1138 hac
1703 1109 1769 1138 vice
1787 1107 1963 1144 {perstantem
1979 1119 1989 1146 ·,
2006 1107 2043 1138 Et
2064 1109 2224 1146 diriguntur
2246 1110 2283 1140 he
2308 1110 2407 1141 Litere

1335 1144 1510 1214 {Reverendo
1542 1148 1571 1177 in
1597 1146 1719 1178 Christo
1741 1145 1818 1176 Patri
1840 1145 1980 1177 Domino
2009 1145 2136 1186 Johanm'
2155 1170 2166 1187 ,
2202 1151 2308 1178 oxonie
2334 1149 2406 1188 Epi·

1349 1194 1386 1214 co
1408 1194 1435 1214 ο.
1783 1210 1785 1213 .

1371 1194 1461 1258 'feste
1476 1222 1562 1263 Rege
1577 1223 1651 1262 apud
1668 1221 1943 1264 westmonasterium,
1958 1223 2097 1255 vicefimo
2111 1232 2211 1263 quarto
2225 1223 2272 1255 die
2286 1227 2371 1257 Maii.

1371 1299 1516 1337 Johannes
1537 1301 1648 1331 Walton
1688 1299 1838 1339 Clericus,
1864 1301 1950 1332 habet
1969 1300 2130 1332 consimiles
2152 1302 2258 1333 Literas
2276 1301 2409 1333 Pateiites

1334 1338 1370 1368 de
1386 1340 1589 1376 presentatione
1604 1339 1638 1369 ad
1654 1323 1822 1370 {lectoriam
1837 1339 1872 1370 de
1887 1340 2015 1379 Nowsley
2031 1339 2162 1371 Diocelis
2171 1340 2331 1379 Lincolm‘e,
2341 1342 2404 1379 jam

1333 1376 1470 1416 legittime
1486 1379 1519 1408 δε
1536 1378 1572 1408 de
1581 1379 1645 1415 jure
1659 1386 1828 1415 vacantem,
1845 1379 1878 1409 &
1893 1379 1927 1408 ad
1944 1379 2073 1409 nostram
2094 1379 2332 1417 presentationem
2350 1389 2402 1419 per

1334 1415 1456 1453 Lapsum
1470 1418 1622 1454 temporis,
1648 1416 1701 1445 bac
1721 1415 1790 1445 vice
1809 1416 2002 1455 imitantem,
2022 1417 2061 1447 Et
2083 1419 2245 1455 diriguntur
2266 1419 2303 1449 he
2322 1418 2400 1450 Lite-

1331 1464 1362 1523 {e
1379 1454 1550 1486 Reverendo
1567 1456 1596 1485 in
1614 1453 1734 1484 Christo
1751 1453 1826 1484 Patri
1844 1453 1979 1485 Domino
1994 1454 2126 1494 Johanni
2141 1479 2151 1494 ,
2170 1457 2311 1487 Lincolm'e
2327 1457 2398 1496 Epi-

1343 1503 1380 1524 co
1401 1503 1431 1522 o.

1368 1503 1459 1562 Tpeste
1473 1532 1558 1570 Rege
1575 1531 1648 1571 apud
1665 1530 1938 1570 westmonasterium,
1957 1532 2095 1563 vicesimo
2110 1533 2235 1565 secundo
2250 1534 2296 1566 die
2304 1535 2395 1573 Junii.

1370 1610 1499 1640 Adamas
1515 1608 1633 1649 Wilfim,
1659 1607 1806 1647 Clericus,
1831 1608 1918 1640 Sacre
1936 1608 2106 1647 Theologie
2124 1609 2286 1651 Professor,
2308 1613 2395 1645 habet

1331 1648 1493 1679 consimiles
1509 1649 1616 1680 Literas
1632 1649 1762 1679 Parentes
1776 1648 1812 1679 de
1826 1649 2031 1685 presentatione
2047 1648 2081 1678 ad
2103 1648 2270 1681 Refimriam
2290 1652 2326 1682 de
2340 1655 2394 1682 Fo-

1331 1685 1435 1726 tescray
1450 1687 1580 1718 Diocelis
1592 1686 1721 1726 Roffinfis
1731 1709 1739 1724 ,
1760 1697 1809 1724 per
1825 1696 1951 1717 mortem
1966 1687 2058 1716 ultimi
2074 1686 2270 1720 incumbentis
2283 1691 2391 1722 ibidem

1326 1726 1387 1763 jam
1404 1735 1574 1765 vacantem,
1591 1727 1624 1756 ὃ(
1644 1727 1677 1756 ad
1692 1725 1818 1756 nostram
1835 1725 2072 1764 presentationem
2095 1726 2182 1763 pleno
2197 1727 2255 1762 jure
2268 1729 2394 1766 spectan-

1330 1772 1407 1800 tem,
1428 1764 1464 1795 Et
1478 1766 1640 1802 diriguntur
1656 1766 1691 1795 he
1709 1764 1802 1795 Litere
1820 1764 1994 1795 Reverendo
2008 1765 2038 1794 in
2056 1763 2175 1795 Christo
2191 1761 2269 1796 Patri
2285 1766 2394 1799 Domi-

1321 1812 1369 1832 {10
1383 1802 1530 1842 Johnuni,
1553 1803 1671 1844 Roffenfi
1685 1803 1839 1840 Episcopo.

1365 1841 1454 1873 Teste
1473 1842 1553 1883 Rege
1564 1843 1638 1883 apud
1654 1841 1907 1883 Westmmasterium
1915 1864 1925 1880 ,
1944 1841 2082 1873 vicefimo
2096 1843 2199 1881 quinto
2213 1842 2358 1882 dieJunii.

1363 1917 1515 1956 Jonathan
1533 1918 1672 1960 Jephcot‚
1702 1919 1848 1958 Clericus,
1873 1920 1902 1949 in
1925 1920 2045 1950 Artibus
2066 1919 2284 1959 Baccalaureus,
2309 1921 2396 1954 habet

1327 1958 1490 1990 consimiles
1507 1959 1613 1990 Literas
1622 1957 1752 1988 Patentes
1764 1959 1801 1989 de
1815 1958 2019 1996 presentatione
2034 1959 2068 1990 ad
2079 1959 2227 1990 Vicariam
2239 1960 2275 1990 de
2289 1961 2397 2000 Swaff-

1327 1995 1394 2025 ham
1407 1999 1487 2027 Prior
1503 1998 1580 2027 beate
1597 2000 1708 2035 Marie,
1722 1996 1852 2028 Diocelis
1870 1997 2006 2036 Elienfis,
2026 2008 2074 2035 per
2089 1998 2306 2037 resignationem
2326 2000 2394 2030 ulti-

1328 2035 1369 2064 mi
1386 2034 1584 2067 Incumbentis
1596 2036 1703 2066 ibidem
1715 2037 1776 2074 jam
1797 2045 1970 2074 vacantem,
1998 2038 2032 2068 &
2053 2037 2086 2067 ad
2108 2038 2234 2068 nostram
2257 2037 2395 2077 presenta-

1327 2074 1436 2105 tionem
1448 2077 1556 2106 ratione
1571 2076 1725 2106 vacationis
1739 2074 1820 2105 Sedis
1834 2074 2011 2113 Episcopalis
2035 2076 2118 2105 Elien
2130 2086 2169 2115 ts,
2194 2085 2325 2114 ternpore
2344 2087 2395 2108 va-

1325 2113 1444 2144 cationis
1461 2114 1575 2145 Vicarie
1594 2114 1739 2152 predidke,
1757 2114 1810 2144 hac
1827 2115 1892 2144 vice
1907 2114 2100 2152 spediantem3
2121 2114 2158 2145 Et
2173 2115 2339 2152 diriguntur
2354 2116 2392 2147 he

1324 2150 1422 2183 Litere
1437 2151 1610 2184 Reverendo
1625 2154 1655 2183 in
1674 2151 1794 2183 Christo
1810 2152 1884 2184 Patri
1899 2152 2036 2184 Domino
2048 2152 2212 2194 Francisco,
2233 2153 2337 2194 Elienst
2349 2153 2391 2186 E-

1323 2191 1451 2228 piscopo.

1362 2230 1381 2248 ³¹²
1401 2230 1492 2262 Teste
1515 2229 1598 2269 Rege
1617 2230 1690 2269 apud
1721 2229 1981 2271 westmonasterium
1995 2253 2005 2269 ,
2035 2230 2173 2262 vicesimo
2193 2230 2315 2269 septimo
2340 2232 2389 2264 die

1321 2266 1418 2306 Junii.

1362 2345 1519 2376 Willielmus
1542 2346 1715 2386 Middleton‚
1742 2346 1891 2384 Clericus,
1913 2347 1943 2377 in
1966 2345 2082 2378 Artibus
2103 2345 2245 2384 Magister
2261 2371 2270 2387 ,
2299 2349 2390 2381 habet

1323 2385 1484 2416 confimiles
1500 2386 1604 2417 Literas
1618 2385 1748 2417 Patentes
1761 2386 1798 2416 de
1816 2386 2021 2423 presentatione
2029 2385 2063 2416 ad
2082 2385 2251 2417 Redioriam
2264 2387 2301 2418 de
2315 2390 2390 2418 Gat-

1321 2431 1369 2453 ton
1385 2423 1515 2455 Diocesis
1529 2428 1679 2462 Wintonie,
1698 2426 1760 2463 jam
1780 2425 1920 2463 legittime
1937 2426 1970 2456 δε
1996 2425 2031 2455 de
2045 2425 2109 2463 jure
2123 2433 2291 2464 vacantem,
2306 2427 2340 2458 &
2354 2426 2391 2458 ad

1321 2462 1448 2492 nostram
1461 2463 1703 2502 presentationem
1721 2473 1770 2501 per
1784 2464 1954 2502 pravitatem
1971 2462 2099 2494 Simonie
2118 2464 2175 2495 slve
2192 2473 2241 2503 per
2262 2464 2388 2502 Lapsum

1323 2503 1479 2540 temporis,
1503 2502 1556 2532 hac
1574 2502 1846 2540 vicespeetantem,
1866 2501 1903 2532 Et
1928 2502 2088 2540 diriguntur
2114 2503 2150 2533 he
2177 2502 2272 2533 Litere
2292 2502 2389 2534 Reve-

1321 2541 1410 2570 rendo
1426 2541 1454 2570 in
1474 2540 1597 2571 Christo
1615 2540 1691 2570 Patri
1711 2540 1848 2570 Domino
1864 2539 1986 2569 Waltero
1997 2563 2006 2577 ,
2027 2544 2164 2570 Wintonie
2180 2540 2333 2578 Episcopo.

1359 2578 1448 2647 'Il'cste
1472 2578 1553 2619 Rege
1578 2580 1653 2618 apud
1675 2578 1950 2619 westmonasterium,
1976 2579 2114 2611 vicefimo
2129 2580 2248 2619 septimo
2269 2579 2316 2609 die
2335 2581 2384 2608 A·

1323 2626 1368 2656 pri
1381 2628 1414 2647 15.

1357 2693 1514 2726 Willielmus
1535 2699 1679 2734 Latimer,
1703 2695 1852 2734 Clericus,
1879 2696 1910 2726 in
1930 2695 2045 2726 Artibus
2063 2693 2273 2734 Baccalaureus,
2299 2695 2384 2731 habet

1317 2733 1477 2766 consimiles
1501 2736 1607 2766 Literas
1631 2736 1760 2766 Parentes
1782 2735 1818 2764 de
1842 2734 2045 2771 presentatione
2061 2733 2094 2762 ad
2121 2733 2265 2763 Vicariam
2288 2734 2384 2767 SanHi

1318 2772 1400 2801 Pauli
1413 2776 1443 2802 in
1460 2774 1662 2812 Malmesbury,
1685 2773 1817 2803 Dioceiis
1831 2775 1946 2809 Sarum,
1965 2781 2015 2808 per
2030 2771 2271 2808 Refignationem
2289 2772 2384 2806 ultimi

1316 2808 1516 2841 Incumbentis
1529 2811 1636 2841 ibidem
1647 2814 1708 2848 Jam
1723 2818 1891 2847 vacantem,
1909 2811 1943 2840 &
1957 2810 1992 2839 ad
2007 2808 2133 2838 nostram
2147 2810 2383 2848 presentationem

1317 2848 1403 2884 pleno
1419 2849 1481 2886 jure
1502 2849 1676 2886 spet‘tantem
1694 2858 1703 2883 ‚⁴
1730 2848 1768 2878 Et
1791 2848 1952 2886 diriguntur
1976 2847 2014 2876 he
2037 2847 2133 2877 Litere
2155 2847 2330 2879 Reverendo
2350 2854 2383 2884 in

1318 2885 1438 2917 Christo
1451 2887 1528 2917 Patri
1542 2887 1677 2917 Domino
1692 2886 1821 2923 Johanni
1831 2908 1840 2924 ,
1858 2889 1957 2915 Sarum
1974 2885 2131 2924 Episcopo.

1354 2924 1444 2955 Teste
1459 2925 1540 2963 Rege
1554 2925 1628 2963 apud
1642 2924 1916 2964 Wstmonasterium,
1933 2925 2031 2962 ptimo
2047 2924 2094 2955 die
2109 2923 2196 2963 Julii.

1359 3001 1561 3032 Bartholomeus
1573 3001 1672 3041 Huffiy
1681 3001 1843 3041 ,Cim-icus,
1852 3002 1882 3032 in
1891 3001 2009 3032 Artibus
2019 3000 2159 3038 Magister
2167 3023 2177 3039 ,
2187 3001 2271 3035 habet
2283 3005 2377 3037 confi-

1317 3041 1398 3072 miles
1407 3042 1515 3072 Literas
1522 3040 1649 3071 Patentes
1655 3041 1691 3072 de
1697 3041 1902 3078 presentatione
1910 3039 1945 3070 ad
1955 3039 2122 3070 Canteriam
2138 3041 2174 3070 de
2183 3042 2378 3081 lVykeperham

1317 3080 1450 3111 Diocesis
1471 3079 1624 3110 Bathonien
1637 3090 1659 3108 ις
1679 3079 1716 3114 &
1738 3077 1895 3118 Wellenfis,
1916 3079 1977 3116 jam
1993 3078 2130 3116 legittime
2145 3080 2179 3110 ὅ(
2195 3080 2230 3110 de
2244 3081 2307 3117 jure
2330 3094 2380 3114 va-

1317 3121 1492 3157 cantem,&
1511 3118 1546 3150 ad
1566 3120 1616 3149 nol
1634 3128 1694 3148 ram
1705 3119 1939 3155 presentationem
1959 3126 2007 3154 per
2027 3117 2149 3155 Lapsum
2167 3121 2305 3156 temporis
2323 3122 2378 3154 hac

1317 3159 1381 3188 vice
1405 3157 1597 3195 spectantem3
1613 3156 1651 3187 Et
1669 3157 1828 3193 diriguntur
1846 3156 1882 3186 he
1901 3155 1997 3186 Litere
2018 3154 2193 3186 Reverendo
2211 3158 2241 3186 in
2258 3158 2377 3191 Christo

1317 3197 1395 3228 Patri
1423 3196 1560 3226 Domino
1580 3194 1736 3233 willielmo,
1752 3192 1932 3234 Bathonienfi
1949 3192 1987 3228 ὠ·
2006 3193 2132 3234 Wllenfi
2148 3194 2304 3237 Episcopo.

1353 3233 1442 3265 Teste
1459 3234 1541 3274 Rege
1556 3234 1629 3272 apud
1649 3232 1917 3273 Westmonasterium,
1939 3232 2038 3271 quinto
2049 3233 2096 3264 die
2117 3233 2196 3272 Julii.

1350 3313 1482 3342 Ricardus
1505 3311 1612 3350 Lloyd,
1637 3310 1785 3348 Clericus,
1807 3311 1837 3341 in
1862 3309 1948 3341 Sacra
1967 3309 2133 3349 Theologia
2157 3310 2374 3354 Baccalaureus,

1314 3351 1401 3382 habet
1426 3351 1588 3381 consimiles
1615 3349 1722 3381 Literas
1750 3350 1878 3379 Parentes
1901 3349 1938 3380 de
1957 3348 2162 3387 presentatione
2179 3350 2213 3380 ad
2230 3351 2373 3384 Vicariam

1313 3390 1349 3420 de
1367 3389 1570 3419 Shottesbrooke
1592 3387 1724 3418 Diocesis
1742 3391 1853 3424 Sarum,
1858 3388 1919 3425 jam
1937 3386 2077 3423 legittime
2094 3389 2127 3419 &
2145 3389 2182 3418 de
2194 3390 2256 3427 jure
2266 3401 2372 3423 vacan-

1313 3438 1371 3459 tem
1392 3451 1402 3466 ,
1437 3429 1470 3459 &
1488 3428 1523 3458 ad
1539 3425 1664 3458 nostram
1684 3426 1923 3465 presentationem
1945 3435 1995 3462 per
2015 3425 2137 3464 Lapsum
2155 3430 2290 3466 temporis
2312 3431 2371 3461 five

1313 3477 1362 3504 per
1380 3468 1546 3504 pravitatem
1566 3466 1694 3496 Simonie
1712 3466 1765 3495 hac
1790 3465 1855 3494 vice
1872 3463 2063 3504 spe&antem;
2089 3465 2126 3496 Et
2149 3465 2309 3504 diriguntur
2334 3469 2371 3500 he

1314 3505 1410 3536 Litere
1429 3503 1600 3536 Reverendo
1616 3506 1647 3534 in
1665 3503 1785 3535 Christo
1803 3503 1875 3534 Patri
1895 3502 2028 3534 Domino
2047 3503 2196 3543 Johanm,
2214 3507 2312 3536 Sarum
2327 3506 2366 3538 E-

1311 3544 1437 3582 piscopo.

1349 3583 1438 3614 Teste
1454 3581 1537 3620 Rege
1552 3581 1626 3619 apud
1641 3580 1916 3621 Wtstmonasterium‚
1935 3582 2037 3620 quinto
2055 3581 2102 3613 die
2117 3581 2203 3620 Julii.

1348 3667 1525 3708 Justinianus
1541 3666 1681 3706 Whitter,
1700 3667 1846 3706 Clericus,
1866 3669 1896 3699 in
1912 3669 2077 3708 Theologia
2096 3667 2363 3705 Baccalaureus,ha-

1311 3708 1360 3737 bet
1377 3706 1537 3737 consimiles
1555 3706 1677 3736 Litteras
1694 3706 1824 3738 Patentes
1850 3707 1886 3737 de
1913 3708 2115 3746 presentatione
2139 3708 2174 3738 ad
2195 3705 2364 3748 Reitoriarn

1309 3746 1345 3775 de
1368 3744 1477 3774 chilton
1502 3744 1629 3774 Diocesis
1650 3744 1833 3785 Norwicenfis
1848 3768 1857 3782 ,
1882 3746 1943 3783 jam
1964 3746 2100 3785 legittime
2120 3747 2153 3777 δε
2175 3743 2209 3774 de
2226 3752 2290 3780 Jure
2312 3755 2364 3775 va-

1311 3793 1445 3820 cantem,
1463 3783 1496 3813 &
1511 3783 1544 3812 ad
1560 3782 1685 3812 nostram
1704 3784 1939 3821 presentationem
1953 3795 2002 3822 per
2018 3784 2139 3824 Lapsum
2153 3783 2289 3824 temporis
2305 3783 2362 3814 sive

1310 3832 1358 3858 per
1375 3822 1540 3861 pravitatem
1553 3820 1702 3857 Simonie,
1720 3823 1776 3852 hac
1792 3823 1856 3852 vice
1870 3822 2062 3861 spedtantem3
2087 3821 2124 3850 Et
2145 3818 2303 3855 diriguntur
2323 3822 2363 3852 he

1308 3861 1408 3929 &infre
1431 3859 1602 3890 Reverendo
1622 3861 1651 3890 in
1674 3859 1794 3891 Christo
1808 3860 1884 3891 Patri
1903 3860 2038 3891 Domino
2059 3856 2174 3888 Ricardo
2195 3860 2368 3900 Norwicenfi

1354 3908 1409 3928 ico
1431 3908 1459 3928 o.

1333 3908 1433 3969 pTel'tl}
1446 3935 1530 3974 Rege
1544 3936 1617 3976 apud
1632 3937 1908 3978 Wstmonasterium,
1925 3934 2060 3968 vicesimo
2074 3933 2176 3971 quinto
2188 3934 2235 3965 die
2249 3935 2345 3974 Junii.

1345 4011 1507 4044 Hamlettus
1522 4016 1647 4054 Bourne,
1665 4015 1814 4053 Clericus,
1832 4015 1862 4044 in
1876 4011 1991 4044 Artibus
2012 4008 2167 4050 Magister,
2191 4011 2276 4044 habet
2290 4022 2365 4082 son·-

2301 4063 2368 4086 lmi-

2409 2242 2424 2261 ⁸
2440 2242 2524 2274 XIX.

2440 2291 2509 2320 532·
