2536 4255
360 220 526 250 creationes
542 214 578 249 de
596 219 687 256 Anno
698 221 798 264 primo
822 218 925 251 Caroli
942 219 1049 263 primi.

27 322 88 346 Par.
101 327 124 345 r.
252 341 261 344 ,
463 340 467 345 ,
536 304 590 333 Pro
608 303 711 334 Thomu
728 303 868 334 Howard.

27 360 80 385 An.
103 366 124 382 r.
241 339 316 376 EX,
334 339 410 371 sexro
428 339 485 371 Die
499 339 665 380 Eebruarii,
691 351 800 373 creavit
821 342 950 372 Thomam
975 340 1106 371 Howard
1123 339 1236 369 Ordinis

25 399 88 422 Car.
103 402 143 421 ιο,
254 381 380 408 Garterii
392 378 510 408 Militem
524 383 660 412 Baronem
673 382 705 411 de
724 381 871 411 Charleton
884 383 1079 411 ‘Vicecomitem
1102 378 1238 409 Andever

25 436 86 458 Pars
98 430 155 465 sep,
173 417 351 486 ianradum
368 417 401 448 ὃ(
417 416 598 458 Dignitatem
615 424 726 450 Comitis
740 421 828 450 Berks
849 420 899 451 fibi
922 421 955 451 &
977 415 1237 485 Heredibu}M{

165 466 202 488 cu
216 466 246 486 is.
1155 465 1183 485 er
1233 477 1240 483 .

23 470 100 503 tima,

23 510 74 533 No.
85 514 129 531 22.

21 546 84 570 Pars
105 552 149 570 no-

21 584 114 612 na‚No.
124 582 152 611 6.

334 571 340 576 ·
474 535 528 563 Pro
545 537 660 574 Hugone
677 539 755 566 Hare
775 538 932 572 Armigero.

207 570 289 608 Rex,
306 570 459 609 trigesimo·
467 571 524 604 Die
546 574 683 613 Augusti,
707 579 817 605 creavit
837 577 980 610 Hugonem
1003 574 1082 602 Hare
1108 573 1236 607 Armige-

172 620 232 640 rum
249 611 275 639 in
289 609 421 640 Gradum
444 612 477 642 δε
500 611 682 650 Dignitatem
705 617 825 643 Barom'r
843 614 975 642 coleram
998 611 1030 640 de
1057 608 1187 640 Colerane
1208 612 1250 642 in,

168 651 261 687 Regno
276 648 407 678 Hiberm'e
429 649 479 680 slbi
493 652 527 682 ὅτ,
545 651 706 684 Heredibus
720 651 867 683 Masculis.
1156 685 1179 716 P
1208 684 1229 716 S

520 771 574 799 Pro
591 768 693 807 'jacobo
710 770 767 807 Ley
782 766 882 796 Milite.
1204 801 1209 807 .

210 802 292 842 Rex,
311 807 415 844 quinto
429 805 489 838 Die
502 808 644 838 Februarii
661 829 671 844 ,
696 809 804 835 creavit
823 805 954 843 Jacobum
978 805 1037 843 Ley
1062 801 1178 833 Militem
1203 811 1232 830 in

174 841 308 886 Gradpm
326 847 360 875 &
377 846 559 885 Dignitatem
576 849 685 876 Comitis
696 846 728 874 de
746 843 924 882 Marleburgh
939 847 968 873 in
994 845 1133 873 Comitatu
1156 844 1192 869 W
1196 839 1230 869 il-

170 888 228 919 Μ’,
248 882 298 926 libi
315 885 348 915 ὃς
364 883 527 915 Heredibus
541 883 676 915 Masculis
690 884 726 913 de
746 882 879 921 Corpore
901 884 1017 912 Domine
1041 882 1116 919 Jane
1137 878 1230 910 modo

169 919 283 951 Uxoris
296 922 356 961 ejus
373 925 527 961 procreatis
546 925 579 955 &
596 921 785 962 procreandis.
1124 955 1149 987 P
1194 953 1224 985 R

1152 965 1180 987 er
1230 978 1236 985 .

471 1042 526 1070 Pro
540 1041 659 1069 Henrico
673 1043 818 1075 Montague
831 1036 932 1066 Milite.

198 1075 286 1114 Rex,
303 1078 406 1114 quinto
422 1078 478 1108 Die
496 1079 655 1115 Februarii,
675 1080 782 1106 creavit
797 1078 942 1105 Henricum
965 1076 1132 1110 Mountague
1150 1069 1232 1100 Mili-

83 1127 94 1137 *
122 1140 127 1146 .
169 1121 225 1144 tem
239 1117 375 1146 Baronem
392 1117 548 1146 Kimbolton
563 1119 751 1146 Vicecomitem
777 1113 943 1145 Mandevile
957 1137 967 1150 ,
994 1114 1022 1142 in
1041 1111 1174 1153 Gradum
1191 1110 1225 1140 ὅ(

170 1153 353 1193 Dignitatem
371 1159 480 1185 Comitis
492 1155 524 1185 de
537 1154 712 1194 Manchaster
737 1157 767 1184 in
787 1156 926 1182 comitatu
948 1151 1109 1190 Lancastrie
1127 1150 1176 1179 libi
1196 1149 1229 1180 &

169 1191 332 1224 Heredibus
346 1193 490 1224 Masculis.
1150 1225 1174 1256 P
1202 1221 1222 1256 S

519 1311 574 1338 Pro
592 1309 708 1339 Roberto
727 1307 879 1337 Needham.

204 1345 287 1385 Reii,
305 1346 411 1377 oustavo
427 1346 486 1377 Die
501 1347 619 1386 Aprilis,
637 1351 745 1377 creavit
763 1347 906 1376 Robertum
930 1343 1073 1374 Needham
1096 1344 1126 1374 in
1148 1343 1225 1374 Gra-

166 1383 237 1415 dum
253 1386 285 1415 Sc
304 1385 479 1424 Dignitatem
493 1388 520 1414 V
522 1389 661 1416 icecomitis
676 1387 708 1416 de
721 1385 860 1421 Killmary
877 1388 907 1415 in
924 1386 1015 1421 Regno
1032 1382 1164 1413 Hibernie
1181 1381 1232 1411 sibi

167 1425 200 1454 ὃ(
216 1424 377 1455 Heredibus
394 1423 538 1455 Masculis.
1147 1457 1171 1488 P
1201 1456 1221 1488 S

12 1544 75 1569 Pars
83 1542 141 1580 sep·
458 1542 512 1570 Pro
532 1540 678 1570 Edmundo
694 1539 835 1578 Sheiffeild
851 1538 954 1569 Milite.

13 1582 97 1612 tima,
206 1575 273 1606 Rex
285 1599 294 1614 ,
312 1577 414 1616 quinto
428 1577 488 1609 Die
506 1579 666 1616 Februarii,
684 1583 792 1609 creavit
811 1578 982 1608 Edmundum
1003 1572 1135 1612 Sheffi’ild
1151 1572 1232 1603 Mili-

18 1623 61 1646 νο,
79 1629 124 1648 21.
169 1621 223 1643 tem
237 1618 373 1646 Baronem
389 1616 518 1656 Shcffiild
534 1618 566 1647 de
586 1619 760 1647 Butterwick
781 1619 810 1647 in
835 1616 966 1647 Gradum
990 1615 1023 1646 ὅ(
1046 1613 1230 1652 Dignitatem

167 1656 279 1720 Colnntis
295 1654 327 1684 de
343 1655 495 1694 RIulgrave
510 1661 539 1687 in
556 1659 697 1686 Comitatu
712 1657 832 1686 Eborum
852 1656 904 1686 fibi
918 1656 952 1686 &
967 1652 1131 1685 Heredibus
1154 1650 1231 1681 Mas-

164 1701 199 1723 cu
213 1708 242 1722 ὼ
1117 1727 1172 1759 Per
1191 1726 1232 1758 R.

11 1817 70 1841 Pais
88 1821 126 1840 ter
440 1812 494 1840 Pro
512 1810 658 1841 Edwardo
680 1808 832 1849 chichester
850 1807 954 1839 Milite.

10 1855 60 1883 ria,
91 1857 130 1880 No
205 1847 289 1885 Rex,
303 1847 400 1887 primo
414 1847 472 1879 Die
496 1849 616 1888 Aprilis,
641 1853 747 1879 creavit
768 1848 916 1878 Evardum
939 1844 1087 1884 chichester
1107 1843 1230 1875 Militem

15 1890 57 1919 ιδ,
166 1886 196 1915 in
216 1885 348 1916 Gradum
361 1888 394 1917 &
411 1886 591 1925 Dignitatem
608 1891 726 1918 Baronis
736 1886 884 1925 chichester
897 1886 929 1916 de
945 1883 1054 1924 Belfast
1067 1894 1100 1915 ac
1116 1885 1145 1914 in
1153 1883 1230 1914 Gra-

166 1924 239 1954 dum
254 1927 283 1953 V
284 1927 424 1954 icecomitis
441 1925 591 1966 chichester
606 1927 638 1957 de
651 1926 758 1966 Belfast
774 1929 803 1956 in
818 1928 906 1963 Regno
914 1924 1046 1956 Hibernie
1060 1922 1109 1954 fibi
1125 1923 1159 1954 &
1168 1921 1230 1952 He-

155 1958 277 1994 'redibus
290 1962 435 1994 Masculis.
1149 1998 1174 2029 P
1202 1998 1222 2032 S

9 2083 73 2107 Pars
81 2079 139 2117 fi'p-
539 2083 594 2110 Pro
611 2083 721 2118 Georgia
738 2084 860 2110 Carewe.

10 2119 89 2148 tima,
204 2116 288 2156 Rex,
311 2119 414 2156 quinto
429 2118 488 2151 Die
503 2119 663 2158 Februarii,
681 2123 790 2149 creavit
807 2121 949 2156 Georgium
964 2120 1077 2147 Carcwe
1094 2119 1231 2147 Baronem

9 2160 59 2183 No.
83 2155 126 2184 18.
166 2159 283 2185 Carewe
296 2156 328 2185 de
343 2157 457 2195 clopton
475 2160 504 2188 in
520 2158 653 2189 Gradum
667 2159 702 2188 &
716 2158 897 2196 Dignitatem
914 2160 1025 2188 Comitis
1038 2157 1071 2187 de
1085 2159 1186 2187 Totnes
1200 2160 1228 2186 in

166 2197 308 2225 Comitatu
325 2198 428 2227 Devon
443 2197 494 2228 fibi
511 2198 545 2229 ὃς
555 2196 716 2228 Heredibus
733 2195 880 2227 Masculis.

1117 2233 1173 2265 Per
1190 2232 1230 2264 R.

0 2324 71 2353 ‘Pars
81 2320 140 2357 fip-
501 2315 553 2342 Pro
566 2313 684 2343 Roberto
699 2315 771 2351 Cary
790 2311 893 2341 Milite.

9 2361 76 2387 tima
86 2380 93 2391 ‚
203 2349 285 2387 ReX,
302 2351 404 2389 quinto
417 2351 477 2382 Die
494 2351 650 2389 Februarii,
668 2355 775 2381 creavit
790 2352 937 2380 Robertum
954 2352 1023 2387 Cary
1036 2349 1159 2379 Militem
1168 2352 1227 2379 Ba-

10 2401 60 2425 No,
81 2408 126 2434 ¹9,
167 2399 259 2418 roncm
283 2393 353 2429 Cary
377 2391 409 2419 de
431 2394 473 2420 Le
491 2394 583 2428 ington
603 2391 631 2419 in
656 2389 789 2420 Gradum
807 2390 841 2421 &
863 2388 1042 2428 Dignitatem
1063 2391 1175 2418 Comitis
1199 2389 1229 2417 de

167 2428 331 2458 Moumouth
348 2429 396 2460 libi
411 2429 444 2460 δε
495 2429 625 2460 eredibus
639 2427 783 2459 Masculis.

1117 2464 1172 2496 Per
1191 2464 1231 2495 R.

11 2553 71 2577 Pars
81 2550 144 2577 deci-
485 2547 538 2574 Pro
556 2544 692 2574 Edvardo
710 2541 798 2573 Cecill
810 2541 913 2572 Milite.

10 2598 55 2615 ma
70 2596 121 2614 ter·
203 2581 287 2619 Rex,
306 2592 387 2612 nono
405 2581 462 2612 Die
481 2583 677 2620 Novembris,
694 2586 802 2612 creavit
817 2579 986 2610 Edvardum
1000 2579 1084 2609 Cecill
1103 2580 1228 2609 Militem

10 2628 49 2653 η’,ι
58 2631 142 2662 N0.9,
166 2622 195 2650 in
217 2620 349 2662 Gradum
365 2622 396 2652 ὅ(
412 2620 591 2659 Dignitatem
613 2624 735 2650 Baronis
756 2619 839 2650 Cecill
855 2620 887 2648 de
905 2621 1011 2657 Putney
1034 2622 1064 2648 in
1087 2623 1228 2649 Comitatu

165 2663 257 2689 Sur-rie
275 2660 326 2690 libi
346 2661 379 2691 &
396 2658 557 2690 Hcrcdibus
569 2659 712 2690 Masculis.
1147 2695 1171 2725 P
1199 2695 1219 2726 S

11 2737 74 2762 Pars
90 2734 145 2769 fi'P·
455 2739 509 2766 Pro
528 2739 644 2766 Heanco
663 2738 774 2765 Barone
787 2736 931 2764 Danvers.

11 2773 144 2804 tima‚N0.
205 2774 271 2805 Rex
284 2798 293 2812 ,
311 2776 415 2812 quinto
435 2775 494 2805 Die
507 2775 666 2812 Februarii,
681 2776 791 2803 creavit
816 2775 966 2802 Henricum
984 2773 1123 2802 Baronem
1144 2774 1228 2802 Dan-

13 2820 59 2846 23·
168 2824 235 2843 vers
247 2813 279 2842 cle
295 2812 412 2852 Cantsey
426 2817 454 2843 in
470 2814 543 2842 Com'
559 2819 579 2841 ιΙ
595 2813 658 2843 ilte5
674 2814 702 2842 in
721 2810 851 2842 Gradum
869 2812 901 2841 δε
918 2810 959 2840 Di
983 2811 1098 2840 nitatem
1115 2813 1226 2841 Comitis

168 2851 201 2880 de
217 2853 317 2890 Danby
331 2856 360 2882 in
378 2856 516 2882 comitatu
535 2852 654 2883 Elorum
669 2851 720 2881 fibi
734 2852 768 2882 δι’.
783 2849 946 2880 Heredibus
961 2818 1105 2879 {dasculie
1148 2887 1172 2918 P
1201 2887 1220 2919 S

15 2971 75 2995 Pars
87 2975 139 2994 ter·
154 2965 157 2969 '
497 2969 551 2996 Pro
569 2969 687 2996 Horatio
703 2968 768 2995 Vere
786 2963 891 2995 Milite.

16 3008 124 3037 ti-nNo.
202 3004 284 3043 Rex,
301 3005 438 3036 vicesimo
453 3014 556 3042 quarto
572 3005 630 3035 Die
641 3005 720 3043 Julii,
738 3007 847 3034 creavit
863 3006 1011 3033 Horatium
1027 3005 1092 3033 Vere
1108 3001 1232 3032 Militem

21 3043 53 3070 ¹8
169 3045 199 3073 in
216 3043 348 3073 Gradum
362 3044 395 3074 &
417 3044 598 3082 Dignitatem
620 3046 739 3072 Barom'r
761 3045 827 3073 Vere
848 3042 880 3071 de
899 3041 1012 3080 Tilbury
1035 3045 1065 3072 in
1092 3044 1233 3071 comitatu

170 3082 255 3121 ,Effix
270 3082 321 3113 fibi
336 3083 370 3114 δε
387 3082 549 3113 Heredibus
564 3080 706 3112 Masculis.
1153 3117 1179 3148 P
1206 3117 1226 3148 S

20 3194 161 3224 *xvim
441 3198 518 3228 *Pro
533 3195 636 3227 :thoma
655 3194 828 3224 Wentworth
846 3194 950 3224 Milite,

22 3236 91 3262 626·
218 3234 294 3274 Rex,
302 3238 403 3275 quinto
423 3237 577 3272 Februarii,
594 3238 702 3264 creavit
716 3233 853 3262 Thomam
861 3231 1035 3263 Wentworth
1042 3231 1163 3262 Militem
1176 3235 1237 3262 Ba-

21 3276 87 3336 {²3³⁸
100 3271 158 3337 [ἓν
177 3284 271 3342 Joan
289 3275 465 3306 [Ventum-th
478 3275 510 3306 de
525 3272 685 3312 Nettlested
698 3273 727 3302 in
742 3271 928 3310 Dignitatem
951 3274 1062 3301 comitis
1085 3272 1116 3300 de
1139 3270 1236 3300 Cleve-

40 3319 91 3337 lma
138 3319 161 3337 0-

95 3329 102 3341 )
189 3324 225 3343 an
247 3335 253 3342 ·
1124 3347 1179 3379 Per
1199 3347 1240 3378 R*

29 3357 76 3374 20-

369 3474 512 3517 Penslones
534 3473 570 3507 de
593 3476 682 3509 Anno
699 3475 797 3519 primo
824 3471 926 3504 Caroli
947 3474 1052 3517 primi.

36 3575 96 3599 Pars
521 3562 576 3589 Pro
592 3559 713 3590 Waltero
729 3557 905 3588 Alexander.

36 3610 140 3646 quinta,
187 3596 319 3651 REX,
335 3598 473 3628 vicesimo
488 3599 588 3635 quinto
605 3598 663 3630 Die
680 3597 877 3633 Novembris,
902 3593 1038 3625 conceffit
1060 3593 1179 3624 Waltero
1198 3598 1245 3625 A-

38 3651 87 3676 N,
104 3646 132 3675 g,
259 3636 392 3666 lexander
412 3636 565 3666 Summam
580 3636 782 3675 quinquaginta
798 3634 967 3670 Librarum,
985 3643 1019 3664 ac
1033 3633 1119 3663 etiam
1133 3643 1243 3664 annua·

186 3672 248 3703 lem
264 3674 433 3704 Penlionem
447 3684 566 3706 centum
581 3676 729 3706 Librarum
746 3674 866 3704 durante
880 3671 956 3702 Vita.

400 3727 408 3735 ·
468 3732 477 3746 ι
613 3718 616 3719 ’
693 3713 749 3744 Per
766 3712 855 3743 Breve
871 3710 908 3740 de
925 3709 1041 3741 Privato
1057 3709 1168 3749 Sigillo.

535 3792 588 3819 Pro
605 3791 733 3819 Antonio
749 3788 781 3818 de
798 3790 913 3817 Verona.

40 3817 61 3841 P
61 3824 92 3843 Μ
93 3826 103 3842 ³
111 3817 173 3852 fix·
229 3825 311 3864 Rex,
331 3825 446 3856 decimo
459 3826 517 3856 Die
533 3828 725 3866 Septembris,
744 3826 883 3856 conceffit
901 3827 994 3855 Marie
1009 3827 1138 3855 Antonio
1156 3824 1187 3854 de
1203 3829 1253 3856 Ve-

41 3860 85 3885 Μ’
106 3859 157 3883 *⁸¹⁷⁰-
192 3874 259 3895 rona
275 3864 423 3895 annualem
440 3863 610 3895 Penlionem
623 3865 804 3906 quadraginta
823 3865 974 3896 Librarum
988 3863 1106 3895 durante
1121 3861 1196 3893 Vita.

1054 3901 1108 3933 Per
1126 3901 1251 3941 Regem.

622 33 1849 88 CONVENTI-ONES,LITERAE,

1493 122 1547 150 Pro
1562 120 1701 154 Michaele
1712 120 1871 152 Andrewes
1887 116 1925 153 ὠ·
1939 121 2031 148 Uxore
2044 117 2111 156 ejus.
2358 122 2436 154 Ann.
2449 124 2492 158 D,

1308 159 1391 205 Reit,
1410 169 1490 189 nono
1511 159 1570 190 Die
1595 160 1734 203 Octobris
1749 183 1759 198 ,
1783 156 1924 190 conceffit
1961 154 2096 200 Michaeli
2117 157 2277 202 Andrewer
2300 157 2334 188 &
2382 164 2468 202 1625.

1271 198 1369 229 Uxori
1382 208 1439 235 ejus
1453 198 1602 228 annualem
1617 198 1789 230 Penlionem
1812 205 1930 228 centurn
1953 196 2210 240 &uumquaginta
2233 197 2333 226 Libra·
2354 205 2407 239 oen,
2431 213 2455 231 ι,

1274 247 1340 268 rum
1354 237 1518 267 durantibus
1535 237 1608 268 Vitis
1623 247 1724 270 eorum
1734 262 1743 276 ,
1763 238 1795 268 &
1811 243 1912 266 eorum
1925 233 2036 264 alterlus
2049 234 2154 264 <liunus
2171 236 2300 265 viventis.
2357 244 2420 268 aar.
2446 251 2455 268 ι
2465 262 2472 268 .

1828 273 1884 304 Per
1904 272 1993 304 Breve
2006 272 2042 302 de
2058 272 2174 304 Privato
2188 273 2300 311 sigillo.
2355 282 2416 306 Pars
2443 290 2490 307 no-

2355 326 2398 347 rm,
2415 322 2464 345 No.

1638 354 1691 382 Pro
1707 351 1809 382 Thoma
1824 349 1968 390 Alisbury.
2356 365 2398 383 12.

1309 390 1391 427 Rex,
1410 390 1548 421 v1cefirn0
1562 391 1685 422 secundo
1701 391 1759 421 Die
1780 390 1921 420 Οᾶοὶπὶε
1935 412 1946 428 ,
1971 387 2110 419 conceffit
2129 386 2228 417 rhome
2252 387 2335 418 Alis-

1271 428 1337 469 bury
1354 430 1542 460 Annuitatem
1556 439 1676 461 centum
1694 430 1846 460 Librarum
1861 429 1985 467 durante
1997 427 2074 458 Vita.

1828 466 1883 497 Per
1899 464 1989 496 Breve
2004 466 2039 496 de
2055 466 2172 497 Privato
2186 464 2295 504 Sigillo.

1518 509 1573 537 Pro
1594 506 1777 546 Christophoro
1796 508 1897 534 Carnite
1917 503 2069 543 Anglesea.
2351 510 2413 534 Pars
2422 509 2485 537 duo-

1307 543 1392 583 Rex,
1411 553 1512 583 quarto
1525 545 1584 576 Die
1598 545 1695 584 junii,
1713 544 1850 575 concellit
1867 543 2052 582 christophoro
2073 545 2172 572 Comiti
2193 539 2334 580 Anglefia
2350 545 2461 577 decima.

1271 583 1423 614 annualem
1441 583 1613 615 Penfionem
1630 584 1709 614 mille
1725 584 1880 613 Librarum
1894 583 2011 612 durante
2022 580 2098 611 Vita.
2352 588 2401 611 No.
2412 594 2438 619 7,

2252 619 2287 650 P.
2305 619 2334 650 S.

2353 395 2481 431 Utsupra,

2352 435 2402 460 No.
2418 442 2446 467 ¹7
2454 455 2460 460 .

1640 701 1697 728 Pro
1717 697 1819 729 Thoma
1838 700 1968 735 Baggott.
2352 710 2415 734 Pars
2431 715 2483 734 ,er-

1305 736 1386 775 Rex,
1404 738 1543 768 vicesimo
1559 738 1636 768 serto
1654 737 1712 768 Die
1727 738 1848 776 Aprilis,
1866 734 2005 767 conceffit
2019 734 2116 764 Thome
2133 734 2257 772 Baggott
2270 737 2330 764 Mi-
2354 745 2482 777 „4303-

1267 774 1314 805 liti
1326 776 1474 806 annualem
1491 776 1661 808 Penlionem
1676 784 1870 807 trecentarum
1889 774 2042 805 Librarum
2058 773 2176 804 durante
2197 773 2271 804 Vita.

2253 811 2286 842 P.
2306 811 2335 843 S.

1503 893 1556 920 Pro
1573 888 1713 928 Francifio
1727 890 1835 930 Biondy
1850 889 1888 926 ὠ
1906 893 1997 920 Uxore
2014 891 2080 929 ejus.
2345 900 2407 924 Pars

1299 928 1388 975 Rex,
1408 929 1518 960 oetavo
1534 928 1711 972 Die-Martii
1721 951 1730 966 ,
1746 930 1886 959 conceiiit
1900 929 2039 972 Francifto
2055 929 2161 968 Biondy
2176 927 2280 966 Militi,
2296 929 2329 959 &
2347 937 2440 972 quiam

1269 970 1385 998 Domine
1399 971 1494 998 Marie
1510 967 1605 997 Uxori
1619 977 1678 1005 ejus
1701 967 1852 998 annualem
1876 967 2049 999 Penlionem
2070 970 2255 998 ducentarum
2281 967 2331 997 Li·
2349 978 2398 1001 fio.

1269 1008 1382 1037 brarum
1395 1006 1512 1038 durante
1528 1005 1593 1038 Vita
1607 1016 1726 1043 eorum,
1743 1007 1778 1037 &
1792 1015 1894 1036 eorum
1913 1007 2025 1038 alterius
2044 1007 2149 1038 diutius
2166 1007 2325 1076 Vivengs'g

1391 1152 1394 1154 ,
1660 1124 1714 1151 Pro
1730 1121 1835 1154 David
1851 1125 1951 1151 Beton.
2349 1126 2480 1162 Utsupra,

1304 1159 1385 1199 Rex,
1401 1161 1540 1193 vicesimo
1554 1160 1612 1192 Die
1638 1160 1758 1198 Martii,
1782 1160 1920 1191 conceffit
1944 1160 2049 1190 David
2069 1162 2158 1190 Beton
2179 1161 2330 1192 annualem
2347 1167 2398 1191 Na.
2416 1174 2456 1199 ¹5-

1265 1198 1438 1230 Penlionem
1452 1201 1643 1231 ducentarum
1658 1199 1809 1230 Librarum
1829 1200 1946 1245 durante
1962 1198 2039 1229 Vita.
2249 1237 2274 1268 P
2303 1237 2323 1268 S

1550 1318 1604 1345 Pro
1625 1315 1760 1346 Edvardo
1782 1318 1901 1344 Domino
1923 1316 2052 1353 Conway.
2347 1316 2461 1352 Panse-

1303 1353 1386 1393 Rex,
1405 1354 1542 1386 vicesimo
1562 1356 1647 1385 tertio
1673 1354 1732 1384 Die
1760 1353 1856 1391 Maii,
1883 1352 2023 1383 concellit
2047 1352 2184 1382 Eas-vardo
2209 1354 2330 1381 Domino
2347 1355 2441 1385 cunila,

1267 1394 1390 1431 Conway
1402 1395 1555 1424 annualem
1581 1392 1752 1423 Penfionem
1773 1393 1814 1422 bis
1835 1392 1913 1423 mille
1934 1391 2087 1422 Librarum
2111 1401 2162 1429 pro
2184 1392 2331 1422 Termino
2348 1395 2435 1421 No.6.

1268 1432 1367 1470 viginti
1385 1433 1418 1463 &
1435 1434 1516 1463 unius
1530 1433 1690 1462 Annorum.
2248 1466 2273 1498 P
2303 1467 2324 1498 S

1575 1549 1630 1576 Pro
1649 1547 1792 1585 Francifto
1811 1549 1900 1575 Crane
1917 1544 2023 1574 Milite.
2353 1548 2416 1572 Par:
2429 1555 2479 1572 1153-

1302 1584 1384 1623 Rex,
1403 1585 1517 1616 decimo
1536 1584 1594 1616 Die
1610 1585 1701 1623 Maii,
1725 1585 1865 1615 concedit
1885 1581 2027 1621 Francisco
2052 1586 2143 1612 crane
2167 1581 2259 1612 Militi
2279 1592 2330 1612 an·
2346 1584 2460 1616 decima,

1268 1625 1381 1655 riualem
1397 1624 1566 1655 Penlionem
1582 1626 1623 1655 bis
1639 1624 1715 1655 mille
1736 1624 1886 1654 Librarum
1901 1631 1955 1660 pro
1970 1621 2117 1652 Termino
2141 1621 2247 1652 decem
2263 1621 2328 1652 An·
2345 1626 2395 1649 No.
2415 1624 2443 1651 ω’.

1270 1673 1384 1694 norum.

1650 1780 1704 1808 Pro
1721 1776 1823 1807 Thomu
1840 1779 1935 1815 Carey.
2344 1776 2408 1800 Pars
2429 1783 2479 1801 un-

1304 1817 1393 1856 Rex,
1408 1817 1546 1848 vicesimo
1560 1816 1669 1848 ottavo
1684 1817 1742 1846 Die
1763 1815 1860 1854 Maii,
1886 1813 2027 1846 concessit
2051 1813 2149 1844 Thome
2169 1815 2256 1854 Carey
2278 1823 2328 1845 an-
2345 1812 2452 1843 decima,

1265 1857 1378 1888 nualem
1390 1855 1559 1887 Penlionem
1574 1857 1794 1895 quingentarum
1813 1854 1966 1885 Librarum
1981 1853 2100 1884 durante
2120 1852 2193 1884 Vita.
2248 1889 2272 1921 P
2301 1889 2322 1922 S
2348 1853 2398 1878 No.
2415 1859 2461 1886 23.

1627 1974 1683 2002 Pro
1700 1970 1841 2012 Francifio
1859 1971 1973 2010 cheyne.
2347 1977 2407 2002 Pars
2416 1974 2483 2009 duo-j

1303 2011 1386 2050 Rex,
1403 2019 1504 2051 quarto
1527 2009 1587 2041 Die
1604 2010 1684 2049 junii
1697 2036 1708 2051 ,
1728 2010 1867 2042 conceffit
1890 2007 2031 2048 Francifio
2054 2007 2159 2044 cheyne
2180 2007 2330 2039 annualem
2347 2012 2457 2041 decima.

1266 2051 1437 2083 Penfionem
1449 2058 1569 2082 centum
1585 2049 1738 2081 Librarum
1755 2050 1875 2082 durante
1889 2049 1968 2080 vita.
2251 2085 2276 2117 P
2300 2083 2320 2116 S
2348 2054 2397 2079 No.
2407 2047 2443 2079 2.'

1623 2129 1677 2158 Pro
1693 2127 1795 2159 Thoma
1817 2124 1965 2156 Caldwell.
2280 2109 2287 2115 ⁵
2323 2107 2329 2114 ·
2346 2131 2409 2155 Pars
2417 2127 2483 2163 duo-j

1302 2167 1386 2206 Rex,
1404 2166 1520 2197 decimo
1534 2165 1680 2204 Diejunii
1692 2190 1701 2205 ,
1721 2165 1860 2198 conceffit
1872 2164 1970 2195 Thome
1988 2162 2127 2194 Caldwell
2148 2161 2235 2194 Feod.
2262 2171 2331 2197 cena
2347 2167 2455 2196 decima.

1264 2215 1329 2238 tum
1348 2207 1497 2238 Librarum
1513 2205 1631 2236 durante
1644 2205 1721 2237 Vita.
2250 2238 2275 2270 P
2302 2238 2322 2270 S
2349 2209 2399 2233 No.
2420 2215 2460 2240 ¹4-

1627 2323 1682 2351 Pro
1697 2320 1799 2351 Thoma
1818 2319 1965 2351 Caldwell.
2346 2322 2461 2349 Parsde-

1302 2360 1388 2399 Rex,
1402 2360 1480 2391 sexto
1494 2360 1554 2391 Die
1567 2359 1712 2399 Januarii,
1731 2359 1869 2391 conceffit
1894 2359 1993 2390 Thome
2019 2355 2158 2390 Caldwell
2173 2355 2327 2386 Summam
2346 2362 2415 2387 eima

1264 2399 1339 2431 mille
1355 2399 1515 2430 Librarum.
2345 2406 2443 2435 quarta
2451 2420 2459 2432 ,

2246 2430 2282 2462 P.
2300 2430 2330 2461 S·
2347 2437 2434 2465 N0.8.

1605 2517 1659 2544 Pro
1675 2517 1812 2544 Mauricio
1830 2512 1981 2544 Dromond.
2346 2516 2410 2540 Pars

1301 2553 1365 2585 Rex
1375 2576 1384 2591 ,
1404 2555 1486 2583 tertio
1502 2552 1560 2583 Die
1575 2552 1763 2591 Decembris,
1773 2551 1918 2582 ·conceffit
1934 2552 2070 2580 Mauricio
2085 2546 2233 2578 Dromond
2244 2545 2329 2576 Mili·
2345 2553 2452 2588 quinta,

1265 2595 1289 2622 ti
1304 2592 1453 2623 annualem
1469 2591 1637 2622 Penfionem
1655 2591 1846 2622 ducentarum
1861 2590 2012 2621 Librarum
2026 2589 2144 2620 durante
2160 2587 2236 2618 Vita.
2347 2594 2398 2619 No.
2408 2599 2454 2625 ²5·

2246 2622 2281 2654 P.
2298 2622 2329 2654 S.

1633 2708 1687 2736 Pro
1707 2708 1805 2736 Maria
1827 2708 1962 2736 Antonio.
2345 2708 2408 2731 Pars
2419 2704 2477 2739 fex-

1301 2746 1382 2784 Rex,
1404 2745 1521 2777 decimo
1536 2745 1595 2776 Die
1609 2744 1798 2783 Decembris,
1817 2743 1958 2776 concessit
1975 2745 2070 2772 Marie
2086 2743 2215 2772 Antonio
2230 2739 2263 2769 de
2276 2741 2328 2769 Ve-
2343 2750 2383 2775 ta,
2395 2742 2480 2772 N0.8.

1261 2797 1329 2816 rona
1344 2786 1532 2816 Annuitatem
1545 2784 1726 2824 quadraginta
1741 2784 1893 2814 Librarum
1907 2782 2024 2813 durante
2037 2780 2114 2812 Vita·
2215 2809 2269 2847 ,Per
2289 2815 2320 2846 R

1621 2899 1640 2919 ²¹¹²
1661 2901 1717 2929 Pro
1735 2898 1838 2936 Jacobo
1854 2896 1973 2938 Ellyott.
2330 2897 2483 2926 JXVIII.

1304 2939 1368 2971 Rex
1381 2962 1391 2977 ,
1407 2938 1546 2970 vicefimo
1562 2937 1622 2968 Die
1637 2937 1824 2974 Decembris,
1840 2936 1979 2967 conceffit
1995 2934 2096 2973 Jacobo
2112 2933 2222 2973 Ellyott
2242 2932 2330 2976 Sum·
2346 2938 2412 2971 627.

1267 2988 1345 3009 mam
1361 2978 1474 3016 triginta
1490 2977 1664 3015 Librarum,
1688 2985 1722 3007 ac
1748 2976 1898 3007 annualem
1919 2974 2094 3006 Penfionem
2116 2972 2257 3012 sexaginta
2278 2970 2330 3001 L1-
2349 2978 2411 3002 Pars

1267 3018 1382 3048 brarum
1397 3017 1517 3047 durante
1535 3014 1612 3046 Vita.
2349 3014 2454 3050 quinta.

2245 3047 2280 3078 P.
2302 3045 2333 3078 S.
2350 3055 2401 3080 No.
2415 3060 2461 3088 34.

1554 3132 1611 3160 Pro
1625 3130 1768 3169 Radulpho
1784 3132 1914 3159 Freeman
1930 3128 2036 3159 Milite.
2058 3143 2061 3146 ·
2351 3138 2414 3163 Pars

1308 3169 1392 3206 Rex,
1411 3168 1536 3200 secundo
1553 3168 1614 3199 Die
1638 3169 1822 3199 Novembris
1838 3191 1847 3206 ,
1875 3167 2015 3198 conceffit
2037 3163 2179 3203 Radulpho
2202 3167 2335 3206 Freman
2354 3174 2445 3211 quinta
2457 3193 2464 3203 ‚

1272 3207 1362 3239 Militi
1377 3208 1528 3239 annualem
1540 3207 1713 3238 Penfionern
1731 3216 1849 3258 centum
1865 3206 2020 3237 Librarum
2038 3205 2155 3236 durante
2170 3202 2244 3234 Vita.
2307 3240 2329 3272 S
2353 3215 2403 3240 No,
2421 3220 2464 3246 ²4·

1614 3324 1668 3352 Pro
1687 3321 1840 3353 Willielmo
1856 3319 2008 3351 Fenwicke.

1308 3360 1391 3399 Rex,
1409 3359 1547 3391 vicefimo
1560 3360 1667 3391 ottavo
1682 3360 1741 3390 Die
1756 3359 1876 3396 Martii,
1895 3357 2034 3390 conceffit
2051 3356 2196 3400 Willielmo
2211 3354 2339 3386 Fenwick
2360 3365 2460 3400 quinta,

1271 3400 1421 3431 annualem
1436 3399 1607 3429 Penfionem
1621 3399 1826 3437 quinquaginta
1839 3397 1911 3428 oCto
1924 3397 2079 3428 Librarum
2094 3398 2128 3428 &
2146 3403 2271 3434 quinque
2283 3393 2340 3424 So·
2360 3405 2409 3431 No,
2430 3411 2472 3436 14,

1275 3439 1401 3470 lidorum
1416 3438 1532 3469 durante
1547 3436 1621 3468 Vita.
2255 3469 2281 3501 P
2307 3469 2329 3500 S

2360 3328 2423 3352 Pars

1625 3554 1680 3581 Pro
1698 3549 1805 3581 Milone
1823 3549 1988 3580 Fleetwood.
2356 3557 2418 3581 Pars
2443 3554 2487 3581 vi-

1315 3594 1399 3631 Rex,
1419 3591 1578 3622 undecimo
1594 3589 1761 3627 DieJunii,
1781 3589 1920 3621 conceffit
1948 3586 2050 3619 Miloni
2074 3584 2234 3615 Fleetwood
2251 3584 2339 3615 Sum-
2355 3591 2447 3627 cefima

1277 3642 1356 3664 mam
1370 3631 1522 3670 quinquies
1535 3628 1613 3660 mille
1627 3628 1792 3659 Librarum.
2357 3638 2465 3668 quarta,

2260 3660 2295 3691 P·
2315 3661 2345 3693 S·
2357 3672 2407 3697 No.
2420 3678 2428 3696 r
2433 3678 2461 3704 5.

1635 3745 1690 3772 Pro
1707 3742 1853 3773 Edwardo
1871 3743 1985 3772 Greene.
1999 3756 2011 3765 ο
2363 3760 2384 3784 1,
2384 3767 2426 3784 an

1319 3784 1403 3821 Rex,
1421 3782 1500 3813 seXto
1513 3781 1572 3811 Die
1589 3781 1782 3820 Decembris,
1800 3779 1939 3812 conceffit
1955 3776 2101 3808 Edwardo
2116 3780 2220 3807 Greene
2239 3787 2344 3809 annua·

2254 3816 2351 3887 ἵζω-8
2367 3837 2416 3861 Νο.
2434 3842 2478 3868 ²7.

1285 3824 1344 3855 lem
1358 3822 1528 3854 Penfionem
1545 3829 1665 3853 centum
1680 3822 1713 3852 &
1729 3820 1933 3860 quinquaginta
1949 3817 2099 3849 Librarum
2121 3816 2238 3848 durante
2359 3802 2463 3832 ‘imma-

2307 3935 2359 3962 Pro
