2536 4255
557 86 1475 141 CONVENTIONES‚
1562 85 1994 134 LITERAE‚

1318 184 1372 206 nec
1388 183 1447 203 non
1462 173 1555 218 ipsum
1570 172 1702 204 Thomam
1718 172 1754 203 de
1769 174 1802 205 ὃς
1819 173 1898 212 super
1923 171 2155 210 Interrogatoriis
2175 172 2307 213 prediffis
2322 171 2387 202 dili-
2406 160 2482 194 Am·
2493 165 2507 199 l
2517 162 2536 205 l'

1315 220 1416 251 genter
1431 213 1613 251 examinem,
1630 213 1663 243 &
1677 222 1747 243 cum
1762 211 1874 242 easdem
1892 210 2100 249 Responsiones
2115 213 2147 243 ὃς
2161 213 2385 243 examinationes
2436 201 2536 243 1625.st

206 116 286 158 140

62 214 131 248 Ann
152 211 195 243 D.

86 237 171 291 162i5.

66 297 119 322 Aa.
141 302 164 320 i.

66 336 130 360 Car.
142 341 167 358 ι.

75 1736 215 1763 *vaL

113 1777 172 1809 196.

341 235 605 269 Attachiamentum
616 241 667 273 pro
686 232 804 272 Defer‘lu
819 235 977 272 apparentie
994 231 1013 270 ij
1027 241 1050 260 s.
1064 230 1094 261 vi
1109 230 1136 259 d.

215 314 380 380 CArolus
399 312 456 343 Dei
480 310 582 357 Gratia
606 310 729 356 Anglie,
749 312 814 342 &c.
848 309 1030 341 Vicecomiti
1055 303 1213 345 Middleftx
1228 302 1278 347 Sa-

295 355 391 384 lutetn.
431 350 608 392 Precrpimus
622 351 675 381 tibi
693 349 769 387 quod
785 349 901 380 Attach'
920 347 1050 378 Thomam
1065 345 1224 381 Lenthorpe
1239 350 1276 372 ita

213 394 292 434 quod
308 401 376 422 eum
392 390 495 421 habeas
509 399 608 420 coram
622 389 707 419 nobis
723 388 755 418 ὃ(
777 387 908 418 Consilio
931 387 1031 418 nostro
1053 384 1127 423 apud
1151 381 1278 420 Wllmu-

213 428 534 502 gastoriutgingcclecciirgtia
546 427 766 498 qCuintphPalchfie
780 429 908 495 proximZ:
933 428 1031 493 futur}¹
1048 424 1084 454 ad
1099 420 1282 491 Cespffriliertlu

215 478 383 545 nglbnismpeltb
393 477 536 545 prefatlurg
557 477 686 536 ngnlag
701 475 800 535 [iffatgo
810 473 1084 540 [trirxdicietuillxquiannli
1099 470 1216 543 deffleiliis
1231 468 1283 526 iibi

214 557 286 579 tunc
299 545 409 576 ibidem
424 544 594 583 objiciendis
607 567 617 582 ,
636 545 670 576 &
685 542 719 573 ad
733 542 897 573 faciendum
913 541 1023 572 ulterius
1036 540 1069 570 &
1085 534 1283 580 recipiendum

213 586 294 625 quod
312 594 362 623 pei⁷
374 594 427 615 nos
441 585 474 615 &
488 583 600 614 ἀίἇὶυτη
607 582 769 613 Consilium
785 581 913 611 nostrum
928 578 1137 610 consideratum
1155 577 1280 605 fueritin

214 627 270 658 hac
287 625 387 662 Parte,
403 623 436 654 &
453 623 511 653 hoc
528 622 686 653 nullatenus
698 621 814 651 omittas
821 642 831 658 ‚
849 620 882 650 δε
899 618 1002 649 habeas
1020 617 1060 646 ibi
1080 615 1140 645 hoc
1157 613 1257 644 Breve.

255 700 346 733 Teste
354 723 363 739 ,
383 702 446 732 &c.
461 709 493 731 ut
508 698 596 738 supra.

339 786 600 819 Attachiamentum
615 796 673 816 cum
686 784 905 815 Proclamatione
918 782 998 822 inde,
1013 784 1031 822 ij
1043 794 1065 813 s.
1083 783 1113 814 vi
1126 781 1153 811 d.

295 865 321 897 E
331 865 380 905 X,
399 866 461 896 &c.
479 872 509 896 ut
526 864 603 901 supra
613 886 623 902 ,
639 862 814 894 Vicecomiti
830 860 998 900 Middlesbx,
1011 859 1147 891 Salutem.
1188 855 1286 888 Preci-

219 872 286 938 R
307 907 406 943 pimus
420 905 473 935 tibi
489 903 566 942 quod
581 901 698 933 Attach'
717 900 847 930 Thomam
870 899 1027 938 Lenthorpe
1055 900 1092 929 ita
1117 896 1194 935 quod
1216 903 1284 925 eum

224 945 328 989 habeas
342 953 443 989 coram
452 942 536 973 nobis
544 943 576 974 ὃ(
588 940 719 1008 (ἶφηίίἰίἕ)
728 939 829 970 nostro
837 939 908 1007 apud
919 936 1181 980 Weflmonasteriufn
1194 935 1223 964 in
1237 933 1287 1003 {lie-

219 991 419 1066 sfffflffffi,
426 981 535 1064 3253?ss
550 975 1284 1061 520333323‘2232spsssssseffssssisstzffishi‘mss.

217 1061 306 1092 nobis
321 1061 354 1092 &
369 1059 498 1103 Consilio
513 1059 644 1097 predicito
657 1056 825 1101 forisfaito,
845 1065 874 1100 ut
898 1055 1020 1099 dicitur3
1040 1055 1085 1098 δι’
1095 1057 1123 1098 si·
1139 1052 1281 1121 prelei3tuffn

217 1098 417 1174 siffis?
419 1099 749 1178 ³551¹13²¹52f22t153ss53555
756 1103 851 1171 ¹335.ss
854 1093 1144 1171 “es‘ssfffflfbsffissrssss
1147 1092 1287 1169 ‘Zaxpeffiii

221 1176 342 1215 videris,
358 1176 476 1220 ‘publice
490 1174 663 1218 proclamari
676 1172 852 1216 sacras-quod
868 1171 987 1216 prefatus
995 1170 1124 1207 Thamar,
1142 1169 1191 1209 sub
1203 1168 1283 1212 *Pena

219 1215 380 1253 Ligeancie
394 1215 456 1252 sue,
477 1223 578 1244 coram
593 1215 676 1257 nobis
690 1213 723 1242 ὃς
739 1211 820 1241 dieto
836 1209 968 1240 Consilio
985 1210 1086 1240 nostro
1102 1209 1136 1238 ad
1147 1207 1282 1250 Quinde-

218 1264 286 1285 nam
302 1254 462 1298 predictam
477 1252 656 1296 personaliter
664 1258 829 1295 ¹compareat
845 1250 879 1279 ad
898 1248 1126 1293 respondendum
1141 1247 1284 1291 superbiis

218 1303 276 1338 que
294 1293 345 1323 {ibi
357 1294 531 1331 objiCientur
545 1300 615 1321 tunc
630 1290 757 1333 ibidem,
776 1289 808 1319 δε
823 1288 855 1318 ad
875 1288 1042 1332 faciendum
1065 1288 1179 1317 ulterius
1194 1286 1226 1317 &
1242 1294 1286 1315 rc-

218 1331 387 1375 cipiendurri
400 1331 478 1374 quod
492 1340 542 1367 per
555 1339 608 1360 nos
622 1330 655 1360 &
670 1328 784 1363 duflum
801 1326 964 1357 Consilium
975 1326 1104 1370 nostrum
1121 1325 1284 1355 considera-

219 1379 283 1440 {um
299 1369 383 1400 fuerit
396 1379 426 1413 in
441 1368 609 1438 ὴαεᾶΡῗῚηὲ,
629 1368 737 1436 ὃςῦὴείὶε
749 1365 806 1435 [υἱὲ
816 1365 892 1396 Pena
905 1375 1025 1396 centum
1049 1365 1203 1395 Librarum
1224 1361 1288 1393 nul-

231 1418 325 1441 atenus
339 1417 471 1445 omittas,
559 1417 574 1438 a
597 1417 641 1439 eas
655 1418 662 1436 l
686 1416 695 1436 i
731 1414 766 1435 oc
809 1414 884 1436 reve.

260 1485 350 1519 Teste
369 1494 398 1516 ut
417 1485 506 1524 supra·

486 1571 632 1611 Commi'ffio
651 1569 832 1609 Rebellionis,
852 1570 900 1608 xiij
916 1580 938 1600 s.
958 1569 994 1607 iiij
1008 1568 1036 1598 d.

227 1650 319 1706 RE
331 1650 376 1689 X,
394 1652 456 1683 &c.
495 1659 526 1681 ut
541 1649 637 1687 supra,
655 1647 765 1679 dileffis
786 1648 837 1678 sibi
858 1649 900 1676 A.
917 1650 953 1676 Β.
967 1647 1001 1678 &
1022 1648 1053 1674 C.
1072 1647 1109 1674 D.
1134 1643 1290 1683 Armigeris

305 1690 432 1721 Salutem
482 1688 561 1727 Qiia
584 1687 698 1717 Thomas
721 1686 879 1724 Lenthorpe
903 1687 952 1716 cui
967 1694 1014 1722 per
1030 1685 1156 1721 publicas
1171 1682 1291 1714 Procla-

226 1730 367 1760 niationes
382 1739 432 1766 per
447 1727 664 1758 Vicecomitem
682 1727 700 1744 *
722 1725 890 1755 Comitatus
900 1723 989 1754 nostri
1008 1722 1161 1761 Middlefi‘x
1177 1721 1290 1751 diversis

228 1768 317 1798 Locis
332 1768 457 1806 ejusdem
475 1766 640 1797 Comitatus
654 1765 767 1795 Virtute
778 1762 874 1793 Brevis
890 1762 980 1792 nostri
997 1762 1092 1792 eidem
1115 1761 1291 1791 vicecomiti

226 1807 326 1838 direffl
347 1816 382 1837 ex
402 1805 488 1836 Parte
511 1803 605 1835 nostra
625 1803 692 1833 fac'ti
709 1811 876 1840 preceptum
893 1800 946 1832 fuit
960 1800 1038 1840 quod
1062 1799 1139 1830 idem
1159 1798 1292 1836 Thomas,

225 1846 275 1876 sub
296 1846 373 1877 Pena
396 1845 543 1884 Ligeantie
564 1843 628 1880 sue,
653 1851 753 1872 coram
778 1842 864 1872 nobis
889 1841 922 1872 &
943 1840 1083 1870 Concilio
1100 1837 1199 1869 nostro
1217 1837 1292 1875 apud

226 1883 502 1924 W’stmonastermm,
525 1882 561 1913 ad
576 1889 688 1912 certum
712 1880 804 1911 Diem
818 1881 848 1910 in
862 1879 942 1910 dicto
957 1878 1040 1909 Brevi
1055 1877 1154 1908 nostro
1169 1886 1292 1908 conten-

225 1932 290 1955 tum
298 1947 311 1968 ,
328 1922 506 1961 personaliter
521 1928 709 1958 compareat,
726 1918 867 1949 Mandato
888 1916 988 1948 nostro
1009 1919 1038 1948 in
1053 1927 1086 1947 ea
1099 1916 1182 1948 Parte
1194 1925 1292 1954 parere

226 1962 376 1992 manifeste
391 1960 582 1998 contempsit,
598 1960 631 1991 &
645 1959 714 1988 ideo
729 1959 814 1989 vobis
834 1957 882 1988 vel
896 1957 946 1987 uni
969 1955 1104 1987 Vestrum
1123 1955 1291 1986 mandamus

223 2001 303 2039 quod
318 2000 460 2039 prefatum
475 1998 621 2037 Thomam,
643 1998 750 2028 ubicun
773 2007 805 2027 ue
820 1998 956 2028 inventus
967 1995 1051 2027 fuerit
1067 1995 1140 2025 infra
1147 1994 1289 2034 Regnum

223 2039 354 2071 nostrum
369 2038 491 2077 Anglie,
510 2047 643 2076 tanquam
661 2035 744 2066 Rebe
768 2046 834 2074 em,
854 2036 887 2066 &
903 2034 986 2073 Legis
1001 2033 1095 2065 nostre
1105 2041 1289 2070 contempto-

223 2089 284 2109 rem
304 2078 417 2109 Attach’
434 2078 481 2109 vel
497 2076 655 2107 Attacliiari
671 2075 772 2113 faciat,
787 2076 826 2105 ita
841 2074 920 2112 quod
944 2083 1011 2104 eum
1027 2073 1151 2104 habeatis
1167 2072 1216 2102 vel
1238 2071 1290 2102 ha-

224 2119 284 2148 beri
306 2117 412 2148 faciatis
435 2126 535 2147 coram
558 2116 641 2145 nobis
660 2113 785 2144 &dieto
800 2112 932 2143 Consilio
948 2112 1048 2142 nostro
1069 2111 1144 2150 apud
1166 2109 1290 2149 Westmo-

224 2156 369 2195 naslerium
384 2157 415 2186 in
429 2155 570 2192 quindena
584 2152 694 2184 Pasche
709 2152 839 2190 proxime
854 2151 949 2182 futura
961 2151 996 2182 ad
1011 2149 1238 2188 respondendum
1246 2149 1289 2180 su-

224 2205 273 2234 per
288 2196 341 2226 hiis
359 2205 415 2234 que
431 2195 481 2225 sibi
493 2193 670 2231 objicientur
684 2200 754 2221 tunc
770 2191 879 2221 ibidem
893 2190 926 2220 &
940 2189 975 2220 ad
991 2188 1157 2220 faciendum
1176 2188 1290 2219 ulterius

224 2236 258 2267 &
273 2233 467 2272 recipiendum
484 2231 563 2271 quod
580 2241 630 2300 tier
644 2239 696 2261 nos
709 2230 743 2260 ὃς
758 2229 869 2260 dictum
887 2227 1050 2259 Consilium
1070 2227 1202 2258 nostrum
1216 2237 1291 2258 con-

224 2274 375 2304 sideratum
392 2272 476 2303 fuerit
493 2273 521 2301 iri
538 2280 569 2301 ea
612 2278 685 2307 arte,
705 2269 738 2299 &
756 2268 816 2298 hoc
835 2267 997 2310 nullatenus
1014 2266 1179 2304 omittatis,
1199 2265 1290 2296 Maii-

223 2312 324 2342 damus
339 2313 420 2343 enim
435 2310 573 2341 omnibus
590 2308 623 2340 &
640 2307 757 2344 fingulis
777 2306 941 2344 Majoribus
956 2305 1190 2336 Vicecomitibus
1204 2303 1289 2334 Balli-

223 2352 266 2382 vis
291 2349 513 2381 Constabulariis
535 2349 568 2379 ὅ(
591 2347 651 2377 aliis
675 2345 833 2376 Officiariis
857 2343 998 2375 Ministris
1014 2344 1108 2382 Legiis
1123 2344 1157 2375 δε
1173 2342 1290 2374 subditis

223 2389 326 2420 nostris
337 2388 551 2428 quibuscunque
561 2409 571 2423 ,
587 2395 646 2416 tam
661 2384 734 2415 infra
748 2384 904 2415 Libertates
917 2393 1002 2422 quam
1016 2392 1091 2414 extra
1100 2390 1218 2421 ,tenore
1226 2391 1289 2419 pre-

224 2428 344 2459 sentium
354 2452 364 2467 ‚
380 2427 495 2458 firmiter
509 2427 539 2456 in
557 2423 720 2461 Mandatis,
737 2423 816 2461 quod
832 2423 916 2453 vobis
928 2424 961 2453 &
976 2422 1097 2452 cuilibet
1106 2420 1287 2460 vestrum,in

228 2465 408 2498 Executione
427 2465 629 2504 premissorum
650 2462 827 2493 intendentes
846 2461 899 2492 sint
913 2460 1067 2492 assistentes
1085 2460 1120 2491 &
1133 2460 1291 2490 auxiliantes

224 2507 255 2535 in
269 2507 403 2536 omnibus
418 2505 570 2541 diligenter
588 2510 672 2540 prout
688 2501 779 2532 decet.
816 2500 851 2531 [n
865 2501 944 2538 cujus
960 2500 1000 2530 rei
1008 2498 1226 2530 Testimonium
1234 2499 1283 2529 bas

228 2543 335 2575 Literas
353 2543 463 2575 nostras
477 2542 537 2573 fieri
552 2541 674 2572 fecimus
688 2548 824 2580 patentes.

265 2619 373 2659 Teste,
393 2620 456 2651 δῖε.
491 2627 524 2649 ut
541 2618 631 2656 supra.

292 2706 423 2738 Dedimus
437 2704 603 2744 Potrstatem
614 2704 655 2734 ad
668 2703 846 2743 recipiendum
860 2700 1059 2743 Responfionem
1071 2702 1108 2734 vii
1124 2713 1147 2732 s.
1162 2702 1180 2740 ij
1197 2702 1225 2732 d.

228 2783 371 2840 REX,
390 2785 452 2816 &c.
489 2791 520 2813 ut
543 2782 640 2820 supra,
663 2780 774 2812 dilectis
796 2780 846 2810 fibi
868 2781 911 2809 A.
924 2781 960 2809 B.
981 2779 1014 2810 &
1035 2782 1063 2808 C.
1080 2782 1119 2808 D.
1137 2778 1292 2818 Armigeris

302 2822 434 2854 Salutem.
472 2821 571 2853 Sciatis
585 2820 663 2859 quod
678 2819 809 2851 dedimus
816 2818 899 2850 vobis
914 2818 958 2848 vel
969 2820 1018 2848 uni
1033 2817 1158 2848 vestrum
1167 2817 1286 2848 Plenam

226 2861 399 2893 Potestatem
413 2863 445 2894 &
463 2860 676 2892 Authoritatem
690 2858 850 2896 accipiendi
866 2856 1092 2893 Responfionem
1106 2856 1204 2886 Thome
1212 2860 1288 2886 Len-

227 2900 322 2937 thorpe
343 2901 380 2931 ad
402 2900 574 2931 Petitionem
595 2897 738 2937 Johannis
749 2896 841 2927 Reade
867 2905 953 2934 quarn
968 2896 1052 2926 vobis
1074 2895 1221 2926 Mittimus
1238 2896 1290 2924 hiis

229 2939 401 2977 presentibus
415 2938 606 2974 interclusam,
624 2938 658 2969 &
677 2936 743 2966 ideo
759 2936 844 2966 vobis
858 2935 891 2965 &
906 2935 952 2964 urii
969 2934 1094 2964 vestrum
1110 2935 1289 2971 mandamus,

229 2977 308 3015 quod
321 2978 355 3007 ad
373 2985 466 3007 certos
480 2976 571 3007 Diem
588 2976 621 3005 &
639 2975 753 3005 Locum
769 2984 840 3012 quos
855 2972 889 3003 ad
904 2974 961 3003 hoc
979 2972 1158 3010 provideritis
1173 2973 1208 3003 ad
1224 2983 1289 3013 pre-

229 3017 318 3047 fatum
334 3014 462 3045 Thamara
477 3014 654 3052 personaliter
669 3013 826 3051 accedatis,
845 3012 891 3043 seu
905 3011 1015 3050 ipsum,
1038 3012 1057 3042 fi
1071 3012 1228 3043 commode
1250 3011 1290 3042 la-

231 3055 331 3085 borare
347 3053 482 3091 sufficiat,
499 3061 602 3083 coram
619 3053 706 3082 vobis
721 3051 766 3081 vel
781 3061 839 3081 uno
857 3050 984 3081 vestrum
1002 3051 1097 3080 venire
1110 3050 1234 3088 faciatis,
1255 3060 1289 3080 ac

232 3093 329 3124 eidem
349 3092 447 3123 Thome
470 3091 505 3121 de
529 3093 562 3121 ὅς
585 3089 665 3128 super
691 3089 814 3121 Materia
835 3089 1040 3127 Responsionis
1053 3089 1098 3119 suc
1119 3089 1244 3129 predicte
1257 3098 1290 3119 ac

229 3131 462 3162 circumstantiis
475 3129 614 3167 ejusdem,
629 3129 710 3159 tactis
722 3138 770 3166 per
786 3138 854 3158 eum
871 3129 945 3165 prius
961 3137 1060 3158 coram
1076 3129 1158 3157 vobis
1170 3128 1215 3158 vel
1230 3137 1292 3157 uno

230 3170 356 3202 vestrum
371 3168 560 3201 sacrosanffis
578 3167 635 3197 Dei
654 3166 830 3206 Evangeliis,
844 3166 1045 3205 juramentum
1065 3167 1212 3203 corporale
1231 3167 1288 3196 mi-

230 3209 365 3247 nistretis,
386 3210 419 3240 &
433 3217 502 3238 cum
515 3206 635 3237 eandem
658 3205 884 3243 Responsioriem
904 3205 933 3234 in
949 3203 1132 3241 Pergameno
1148 3205 1297 3242 conscrip-

231 3258 291 3280 tam
312 3250 350 3279 src
371 3247 519 3285 ceperitis,
540 3254 594 3275 nos
608 3243 672 3273 inde
686 3245 719 3275 &
735 3243 898 3274 Consilium
919 3242 1048 3273 nostrum
1069 3244 1143 3282 apud
1167 3243 1296 3282 PWstmo-

232 3286 377 3327 nasterium
387 3309 398 3325 ,
419 3295 474 3316 nec
489 3294 549 3315 non
562 3283 598 3313 de
614 3282 752 3312 Nomine
766 3282 911 3313 Attornati
926 3281 1007 3318 ipsius
1020 3281 1117 3311 Tharne
1137 3281 1171 3312 ad
1186 3283 1294 3312 lucran-

233 3326 304 3357 dum
330 3326 374 3356 vel
395 3323 572 3363 perdendum
592 3323 623 3351 i'n
645 3321 783 3358 premiffis
804 3342 816 3357 ,
852 3320 1009 3358 Quindena
1032 3319 1138 3352 Pasche
1161 3322 1292 3358 proxime

233 3365 326 3396 futura
347 3387 357 3402 ,
394 3364 445 3394 sub
469 3361 572 3401 Sigillis
592 3359 692 3390 vestris
719 3360 765 3389 vel
787 3358 868 3389 unius
890 3358 1017 3389 vestrum
1047 3359 1177 3390 distinCte
1199 3368 1294 3397 aperte

233 3401 395 3434 certificetis
416 3425 426 3440 ‚
465 3401 645 3432 remittentes
665 3398 753 3429 nobis
776 3397 949 3428 Petitionem
974 3397 1131 3434 predictam
1145 3407 1293 3432 unacum

232 3442 293 3473 boc
309 3441 409 3472 Breve.

270 3516 357 3550 Teste
378 3527 426 3548 me
448 3516 525 3555 ipso,
545 3514 609 3546 &c.

236 3599 343 3630 Altera
358 3598 399 3628 ad
411 3596 587 3636 recipiendum
600 3593 724 3641 Κῷα-(ις’
738 3592 776 3628 &
790 3594 1021 3660 Ea‘aiminationes
1040 3591 1117 3630 Jiaper
1132 3595 1294 3632 Interroga-

629 3642 706 3664 torns
716 3642 754 3671 vr]
770 3642 793 3662 5.
806 3642 825 3670 l]
861 3653 868 3661 .

233 3714 359 3770 SCiatis
374 3713 449 3751 quod
470 3712 599 3743 dedimus
618 3711 704 3741 vobis
715 3709 762 3741 vel
778 3709 828 3739 uni
842 3707 969 3751 vestrum
984 3707 1099 3744 plenam
1115 3707 1291 3739 Potestatem

246 3760 250 3762 ’
288 3754 321 3783 &
337 3752 546 3782 Authoritatem
562 3750 721 3787 accipiendi
737 3747 963 3786 Responsionem
985 3745 1082 3775 Thome
1096 3748 1134 3775 L.
1156 3747 1192 3777 ad
1215 3746 1293 3777 Peti-

230 3793 341 3822 tionem
358 3789 503 3827 Johannis
515 3789 605 3818 Reade
620 3798 705 3825 quam
721 3788 804 3817 vobis
825 3786 963 3816 mittimus
985 3785 1038 3814 hiis
1055 3784 1228 3821 presentibus
1247 3787 1292 3815 in-

232 3828 396 3863 terclusam,
416 3837 469 3857 nec
482 3837 541 3856 non
555 3827 733 3857 examinandi
749 3824 908 3864 predffiium
929 3821 1075 3859 Thomam‚
1097 3823 1132 3853 de
1154 3825 1188 3856 &
1210 3823 1292 3862 super

231 3865 399 3906 quibusdam
413 3865 633 3903 Interrogatoriis
652 3865 705 3894 hiis
727 3864 899 3902 presentibus
919 3861 1043 3891 similiter
1062 3863 1235 3899 interclusis,
1255 3862 1289 3892 δί

230 3906 296 3936 ideo
312 3904 410 3939 vobis,
428 3904 488 3933 &c-
507 3915 524 3932 u
539 3915 588 3941 que
600 3903 640 3932 ad
650 3903 734 3932 eidem
749 3901 847 3931 Thome
863 3901 898 3931 de
921 3900 954 3930 &
977 3899 1058 3937 super
1084 3898 1208 3931 Materia
1228 3899 1290 3930 Re-

226 3943 381 3981 sponsionis
403 3941 448 3971 sue
463 3951 510 3978 pre
532 3942 588 3970 rete
603 3951 636 3971 ac
655 3941 878 3978 interrogatoriis
900 3938 1096 3976 medietorum
1112 3947 1145 3967 ac
1160 3940 1290 3970 circum·

229 3982 334 4013 stantiis
347 3979 517 4016 earundem,
536 3979 616 4009 taitis
636 3988 685 4015 per
698 3988 764 4008 eum
799 3980 853 4007 riu‘s
869 3986 971 4007 coram
993 3976 1075 4006 vobis
1094 3976 1141 4006 vel
1161 3987 1220 4007 uno
1238 3987 1289 4008 ve-

226 4021 314 4053 strum
329 4017 506 4051 sacrosanctis
523 4016 584 4048 Dei
595 4015 756 4056 Evangeliis
788 4015 923 4049 urament'
938 4014 1090 4054 corporale
1107 4014 1286 4051 ministretis,

1315 251 1454 296 predichs
1470 251 1502 280 in
1518 251 1710 291 pergamento
1719 251 1892 287 conscriptas
1908 250 1946 280 sic
1962 251 2168 288 ceperitis‚nos
2182 251 2382 283 inde&Con-
2403 244 2456 270 ‘4¹⁶’-

1315 291 1416 320 cilium
1435 289 1566 320 nostrum
1582 289 1656 328 apud
1674 288 1951 328 westmonasterium,
1970 290 2031 320 &c.
2063 299 2093 320 ut
2107 289 2188 327 supra
2202 292 2285 331 usque
2297 315 2306 330 ²
2320 290 2382 320 Re-
2401 281 2464 310 Car,
2481 291 2506 312 1.
2518 282 2531 320 ξ,

1315 331 1461 397 ἳίηεὲῐεε
1482 330 1566 360 nobis
1588 329 1762 360 Petitionem
1785 330 1819 360 &
1843 327 2063 368 Interrogatoria
2084 329 2212 367 predicta
2235 340 2291 361 una
2313 339 2383 361 curn

1338 376 1377 397 oc
1420 376 1495 398 reve.

1357 444 1463 484 Teste,
1481 445 1542 476 &c.

1365 538 1510 579 Commiffio
1521 539 1562 569 ad
1574 537 1789 569 examinandum
1802 535 1889 576 T‘st01
1905 547 1940 567 ex
1953 544 2071 579 utraque
2086 540 2190 578 Parte,
2209 539 2246 578 vij
2256 549 2277 568 s.
2290 538 2310 577 ij
2324 538 2353 569 d.

1330 616 1383 670 R
1398 615 1481 661 EX,
1497 618 1562 649 ἃς.
1578 615 1688 647 dileffls
1703 615 1752 645 sibi
1763 638 1772 652 ,
1791 616 1853 647 &c.
1892 614 1992 645 Sciatis
2007 615 2084 653 quod
2099 615 2231 660 dedimus
2245 618 2331 648 vobis
2346 615 2391 648 vel

1408 656 1498 686 tribus
1513 653 1640 686 vestrum
1655 654 1769 694 plenam
1785 652 1956 684 Potestatem
1972 654 2006 684 δε
2020 654 2231 686 Aurhoritatem
2248 656 2391 686 evocandi

1322 694 1456 724 audiendi
1469 695 1503 725 ὃς
1517 693 1697 725 examinandi
1712 693 1897 732 quoscunque
1910 691 2012 723 Testes
2026 692 2062 722 de
2076 693 2109 724 ὅ(
2123 693 2203 730 super
2220 696 2390 733 quibusdam

1323 731 1549 770 Interrogatoriis
1562 742 1620 763 tam
1637 741 1671 762 ex
1689 731 1770 762 Parte
1782 731 1928 770 Johannis
1941 730 2011 761 Ball
2018 731 2269 770 Querentisquam
2279 742 2312 763 ex
2322 734 2390 764 Par-

1323 779 1351 801 te
1368 772 1409 800 W
1408 770 1513 801 illielmi
1527 771 1643 810 Hudfim
1657 771 1690 802 ὃ(
1704 771 1825 802 aliorum
1841 769 2070 801 Defendentium
2083 781 2183 801 corani
2191 772 2274 801 vobis
2287 772 2391 803 veltri-

1327 809 1381 840 bus
1394 809 1521 840 vestrum
1536 810 1741 847 ministrandis,
1763 810 1796 840 ὃς
1809 809 1877 840 ideo
1901 809 1988 840 vobis
2005 810 2050 840 vel
2066 810 2155 840 tribus
2169 809 2296 840 vestrum
2307 821 2390 841 man-

1323 847 1438 886 damus,
1457 848 1536 892 quod
1551 848 1587 879 ad
1601 858 1694 893 certos
1709 848 1780 878 Dies
1795 849 1829 880 &
1846 848 1943 886 Loca,
1960 857 2032 888 quos
2055 848 2088 878 ad
2110 849 2170 879 hoc
2194 850 2392 889 provideritis,

1323 886 1429 918 Testes
1446 886 1592 927 predictos
1606 888 1639 918 &
1656 887 1724 918 alios
1739 897 1811 925 quos
1826 888 1951 918 maxime
1967 897 2020 925 pro
2036 886 2257 919 Testificatione
2272 889 2389 926 premis—

1324 925 1417 956 sorum
1439 929 1455 943 *
1472 924 1537 955 fore
1549 924 1674 955 videritis
1684 925 1827 956 evocandi
1842 935 1941 956 coram
1957 926 2041 956 vobis
2056 927 2100 957 vel
2112 927 2202 957 tribus
2216 926 2342 958 vestrum
2360 938 2389 958 e-
2410 928 2516 957 *xvn
2526 931 2536 956 l

1323 966 1455 1002 vocetis,
1473 974 1507 994 ac
1522 963 1594 1008 ipsos
1607 964 1640 994 &
1654 973 1754 994 eorum
1769 964 1924 1001 quemlibet
1937 974 1986 1002 per
2001 964 2028 995 se
2043 964 2188 1003 separatim
2203 965 2239 996 de
2256 966 2289 996 ὃς
2311 967 2391 1004 super·
2449 976 2508 1003 ¹97-

1322 1003 1552 1043 Interrogatoriis
1566 1002 1698 1040 prediffis
1709 1002 1788 1039 super
1804 1002 1987 1035 Sacramenta
2009 1003 2054 1033 sua
2075 1004 2224 1042 diligenter
2246 1014 2392 1038 examine-

1323 1043 1375 1080 tis,
1393 1041 1681 1080 Examinationesque
1694 1041 1751 1071 suas
1766 1041 1906 1077 recipiatis
1920 1042 1954 1073 δε
1971 1043 2000 1071 in
2022 1043 2141 1081 Scriptis
2162 1044 2190 1073 in
2216 1043 2394 1082 Pergamena

1325 1082 1384 1111 redi
1405 1082 1474 1119 atis,
1500 1081 1533 1111 &
1549 1091 1617 1111 cum
1635 1091 1679 1111 eas
1695 1080 1732 1110 iic
1748 1080 1898 1118 ceperitis,
1921 1089 1972 1110 nos
1995 1081 2063 1111 inde
2083 1082 2116 1112 &
2141 1081 2303 1113 Consilium
2318 1084 2393 1121 apud

1329 1122 1377 1151 We
1402 1119 1592 1158 monasterium
1613 1119 1650 1149 de
1672 1128 1736 1150 toto
1759 1118 1848 1148 Facito
1864 1118 1958 1149 vestro
1980 1119 2009 1148 in
2025 1118 2080 1149 hac
2095 1119 2177 1152 Parte
2192 1122 2219 1151 in
2235 1121 2393 1159 Quindena

1324 1158 1428 1190 Pasche
1458 1159 1586 1196 proxime
1609 1157 1704 1189 futura
1724 1157 1774 1187 sub
1797 1157 1902 1194 Sigillis
1924 1156 2023 1187 vestris
2038 1157 2082 1188 vel
2105 1159 2193 1190 triur'n
2208 1160 2333 1191 vestrum
2350 1162 2396 1192 di-

1324 1197 1427 1228 stirfie
1441 1198 1475 1228 &
1490 1200 1587 1235 aperte
1601 1196 1783 1233 certificetis,
1800 1195 1902 1234 absque
1919 1194 2022 1233 Copiis
2036 1195 2167 1229 Partibus
2188 1198 2253 1229 inde
2271 1199 2396 1231 redden-

1324 1237 1366 1306 (ἑῆς
1385 1260 1394 1274 ,
1429 1237 1606 1267 remittentes
1623 1237 1709 1266 nobis
1734 1235 1956 1274 interrogatoria
1975 1235 2101 1273 predic‘ia
2120 1259 2130 1274 ,
2171 1246 2224 1267 una
2243 1247 2312 1268 cum
2333 1239 2394 1270 hoc

1350 1285 1424 1306 reve.

1362 1351 1469 1392 Teste,
1487 1352 1550 1384 &c.

1640 1438 1763 1478 Subpena
1774 1447 1826 1478 pro
1841 1435 1963 1476 Expens
1976 1439 1994 1477 ij
2013 1449 2033 1467 s.
2054 1439 2091 1468 vi.

1402 1516 1581 1589 Ερίζῖὃτᾎ
1609 1516 1740 1555 Johanni
1758 1517 1842 1545 Hunt
1863 1514 1999 1546 Salutem.
2046 1515 2229 1554 Quibusdam
2252 1521 2336 1550 certis
2363 1520 2398 1550 de

1444 1567 1528 1595 ·uis,
1572 1566 1612 1587 rc.

1334 1520 1389 1575 R

1438 1643 1612 1683 Supersbdeas
1625 1642 1704 1682 sirper
1722 1646 1816 1673 Breve
1832 1642 1864 1673 de
1879 1640 2129 1680 Attachiamento,
2146 1643 2184 1681 vij
2199 1655 2220 1674 s.
2235 1645 2254 1683 ij
2269 1645 2296 1674 d.

1332 1721 1479 1777 REX,
1499 1723 1559 1753 &e
1600 1719 1628 1750 V
1630 1721 1777 1752 icecomiti
1794 1718 1970 1758 Middlfix,
1989 1718 2126 1750 Salutem,
2169 1721 2255 1752 Licet
2277 1731 2329 1752 nos
2344 1732 2399 1753 nu-

1407 1770 1456 1798 per
1480 1770 1530 1799 per
1551 1758 1641 1790 Breve
1666 1759 1797 1790 nostrum
1820 1759 1874 1789 tibi
1897 1759 2073 1795 precipimus
2089 1781 2099 1796 ,
2129 1761 2208 1796 quod
2235 1761 2400 1792 attachiares

1335 1797 1402 1829 Tho.
1418 1803 1454 1829 Β.
1493 1799 1534 1830 Ita
1549 1798 1626 1836 quod
1644 1808 1711 1828 eum
1725 1798 1841 1828 haberes
1858 1806 1958 1827 coram
1973 1797 2057 1826 nobis
2073 1797 2106 1827 ὅ(
2120 1798 2239 1828 consilio
2256 1798 2356 1829 nostro
2371 1810 2402 1830 a-

1334 1839 1390 1876 pud
1407 1836 1667 1878 Wastmonasterium
1682 1837 1716 1868 ad
1732 1845 1842 1868 certum
1859 1835 1953 1865 Diem
1967 1835 1997 1866 in
2011 1835 2094 1866 dieto
2118 1835 2200 1868 Brevi
2214 1838 2314 1868 nostro
2328 1848 2402 1869 con-

1332 1886 1445 1908 tentum
1458 1878 1493 1908 ad
1509 1875 1740 1914 respondendum
1758 1875 1841 1905 nobis
1852 1874 1885 1905 ὃ(
1898 1873 1980 1904 dicto
2001 1873 2134 1904 Consilio
2155 1874 2270 1915 nostro,
2290 1884 2350 1907 tam
2365 1878 2403 1908 de

1332 1916 1459 1956 quodam
1473 1915 1653 1953 Contemptu
1669 1915 1770 1951 nobis,
1793 1923 1842 1953 per
1857 1912 2003 1951 prefatum
2019 1912 2150 1943 Thomam
2164 1914 2242 1946 illato
2283 1924 2314 1946 ut
2327 1916 2403 1947 dici-

1331 1963 1395 1994 tur,
1414 1965 1501 1994 quam
1518 1956 1555 1986 de
1568 1954 1626 1984 airis
1643 1953 1693 1984 sibi
1707 1962 1777 1985 tunc
1791 1953 1899 1982 ibidem
1914 1951 2102 1990 objiciendis,
2127 1953 2160 1984 ες
2180 1953 2213 1984 ad
2236 1939 2401 1985 {Sciendum

1332 1994 1445 2024 ulterius
1467 1995 1500 2025 &
1525 1993 1724 2031 recipiendum
1740 1991 1819 2030 quod
1836 2001 1886 2029 per
1906 2000 1959 2020 nos
1977 1991 2009 2020 &
2025 1990 2138 2021 dicium
2164 1991 2326 2024 Consilium
2344 2003 2401 2024 no-

1330 2033 1421 2064 strum
1438 2032 1647 2064 consideratum
1663 2031 1737 2062 foret
1751 2032 1780 2061 in
1798 2040 1829 2060 ea
1845 2029 1946 2068 Parte3
1964 2029 2130 2068 quibusdam
2155 2039 2250 2062 tamen
2259 2033 2349 2062 'certis
2363 2032 2400 2063 de

1332 2072 1448 2111 causis,
1466 2082 1519 2102 nos
1531 2073 1591 2110 jam
1605 2070 1759 2108 specialiter
1774 2069 1959 2100 moventibus
1989 2068 2044 2098 tibi
2057 2070 2232 2106 precipimus
2246 2071 2322 2110 quod
2337 2072 2401 2102 cui-

1330 2120 1445 2148 cunque
1471 2109 1644 2141 Executioni
1669 2108 1765 2140 Brevis
1789 2107 1877 2138 nostri
1903 2091 2025 2144 preditsti
2053 2107 2134 2137 Parte
2154 2109 2182 2138 in
2207 2109 2298 2148 aliqua
2324 2108 2401 2140 faeie

1330 2151 1377 2180 seu
1394 2149 1526 2181 faciende
1543 2147 1714 2186 supersedeas
1731 2147 1856 2177 omnino
1871 2169 1881 2185 ,
1914 2146 1947 2177 ὃς
1967 2147 1986 2177 si
2004 2145 2095 2182 ipsum
2114 2146 2244 2176 Theman:
2265 2147 2402 2178 PreteXtu

1330 2188 1426 2218 Brevis
1451 2187 1543 2218 nostri
1589 2186 1691 2217 redisti
1717 2187 1825 2225 ceperis
1844 2209 1854 2225 ,
1878 2185 1926 2227 -&
1948 2185 1976 2215 in
1999 2185 2171 2215 Carcezilws
2198 2187 2400 2224 mancip-atum

1329 2235 1423 2264 tenes,
1442 2236 1512 2257 tunc
1530 2197 1620 2264 ipiiim
1638 2224 1769 2254 rhomam
1786 2235 1801 2254 a
1821 2224 1935 2254 Prilona
1951 2247 1960 2261 2
1994 2233 2049 2262 qua
2068 2225 2105 2254 lic
2124 2225 2266 2254 detinetur
2281 2247 2291 2263 ,
2323 2226 2342 2255 si
2368 2234 2401 2255 ea

1330 2265 1495 2335 ffecafipne
1510 2265 1544 2296 ὃ(
1562 2274 1624 2296 non
1642 2264 1696 2296 alia
1713 2264 1871 2295 detineatur
1890 2263 1921 2293 in
1938 2262 2056 2300 eadem,
2074 2262 2132 2293 sine
2158 2262 2313 2296 Dilatiorie
2331 2263 2401 2295 deli-

1352 2314 1421 2336 erari
1453 2314 1535 2335 acras.

1368 2381 1458 2413 Teste
1470 2405 1480 2421 ‚
1499 2382 1559 2414 &c.

1563 2460 1734 2502 Supersedeas
1745 2460 1829 2501 fiper
1845 2456 2042 2498 Commiffone,
2060 2458 2098 2496 vij
2107 2468 2131 2487 s.
2151 2457 2178 2497 ij.

1334 2539 1485 2595 REX,
1505 2540 1565 2570 &c.
1583 2539 1693 2569 dileetis
1707 2538 1774 2575 sibi,
1791 2537 1853 2568 &c.
1871 2535 2010 2566 Salutem.
2051 2534 2137 2565 Licet
2159 2544 2251 2575 nuper
2267 2544 2318 2573 per
2332 2535 2399 2568 Bre-

1414 2589 1450 2610 ve
1466 2578 1596 2609 nostrum
1611 2577 1772 2607 dederimus
1788 2575 1874 2606 vobis
1890 2573 1935 2604 vel
1959 2573 2046 2603 tribus
2072 2573 2199 2604 vestrum
2223 2573 2401 2606 Potestatem

1331 2620 1367 2650 &
1385 2618 1596 2648 Authoritatem
1610 2615 1789 2646 examinandi
1803 2611 1987 2652 quoscunque
2001 2611 2107 2642 Testes
2122 2621 2182 2643 tam
2197 2620 2231 2642 ex
2255 2611 2339 2644 Parte
2355 2617 2400 2646 A.

1332 2660 1368 2686 Β.
1389 2657 1543 2695 Querentis
1563 2664 1649 2693 quam
1670 2663 1704 2684 ex
1726 2653 1812 2683 Parte
1836 2655 1866 2681 C.
1890 2654 1930 2680 D.
1950 2649 2143 2681 Defendentis
2160 2651 2194 2682 &
2216 2661 2270 2681 nos
2284 2652 2351 2683 inde
2365 2654 2399 2684 δε

1331 2695 1493 2726 Consilium
1515 2693 1645 2724 nostrum
1674 2692 1749 2730 apud
1780 2688 2042 2729 westmonasterium
2070 2689 2166 2720 debite
2196 2690 2371 2722 certificandi
2388 2716 2399 2730 ,

1330 2734 1498 2772 quibusdam
1515 2741 1609 2763 tamen
1627 2732 1712 2762 certis
1734 2730 1770 2760 de
1790 2729 1886 2759 Cauiis
1906 2738 1958 2758 nos
1978 2729 2040 2767 jam
2067 2729 2252 2759 moventibus
2268 2751 2278 2765 ‚
2314 2730 2400 2760 vobis

1329 2773 1497 2803 mandamus
1513 2770 1589 2809 quod
1607 2770 1770 2806 cuicunque
1790 2767 1962 2798 Executioni
1979 2766 2202 2798 Commiffionis
2219 2767 2315 2798 nostre
2332 2778 2398 2806 pre-

1329 2811 1408 2842 diere
1426 2821 1476 2849 per
1495 2819 1546 2840 vos
1562 2810 1592 2840 in
1608 2809 1703 2846 aliquo
1719 2808 1793 2838 faeie
1808 2808 1854 2838 seu
1873 2805 2005 2837 faciende
2023 2805 2217 2843 supersedeatis
2228 2807 2363 2837 omnino.

1367 2887 1458 2920 Teste
1469 2910 1478 2926 ,
1497 2887 1558 2919 &c.

1527 2968 1677 2998 Certiorari
1694 2965 1736 2996 ad
1745 2961 1949 3004 certificandum
1962 2960 2034 2992 coni.
2048 2962 2087 3001 vij
2101 2972 2124 2992 s.
2138 2962 2157 3000 ij
2173 2961 2200 2992 d.

1404 3045 1487 3084 EX,
1512 3045 1574 3076 &c.
1591 3043 1704 3074 dilectis
1725 3041 1796 3080 fibi,
1819 3041 1882 3073 &c.
1918 3038 2056 3074 Salutem.
2093 3039 2232 3070 Volentes
2251 3039 2338 3069 certis
2359 3039 2396 3071 de

1330 3054 1392 3118 R
1413 3084 1508 3115 Cauiis
1522 3082 1679 3114 Certiorari
1696 3082 1775 3118 super
1788 3079 1928 3110 omnibus
1943 3079 1977 3110 &
1993 3077 2110 3114 singulis
2129 3077 2398 3110 Examinationibus

1329 3135 1363 3156 ac
1378 3123 1515 3154 Testium
1530 3120 1765 3159 Depositionibus
1780 3118 1817 3149 de
1831 3118 1864 3149 ὃ(
1880 3117 1960 3155 super
1975 3117 2098 3156 quadam
2120 3115 2261 3153 Materia,
2281 3125 2344 3147 tam
2358 3127 2394 3148 ex

1332 3163 1415 3194 Parte
1437 3164 1479 3192 A.
1502 3163 1538 3190 Β.
1559 3160 1731 3199 Qierentis,
1756 3166 1843 3196 quam
1869 3165 1904 3187 ex
1919 3155 2002 3186 Parte
2023 3158 2054 3185 C.
2066 3157 2106 3184 D.
2121 3153 2326 3193 Defende-ntis,
2345 3164 2395 3195 per

1332 3211 1385 3232 vos
1403 3200 1515 3231 Virtute
1537 3198 1635 3229 Brevis
1653 3196 1744 3228 nostri
1765 3196 1801 3227 de
1826 3193 2042 3225 Commisfione
2062 3192 2146 3236 vobis
2170 3203 2259 3231 nuper
2286 3193 2395 3225 diresta

1332 3242 1422 3278 captis
1441 3237 1606 3269 examinatis
1625 3237 1660 3268 &
1688 3236 1809 3273 receptis
1826 3243 1858 3265 ut
1877 3234 2000 3270 dicitur,
2017 3231 2104 3262 vobis
2126 3230 2301 3263 Mandemus
2316 3233 2395 3270 quod

1331 3278 1566 3309 Examinationes
1577 3286 1611 3306 ac
1628 3274 1765 3305 Testium
1787 3273 1985 3312 Depofitiones
2004 3269 2144 3308 predictas
2168 3280 2236 3301 cum
2259 3271 2396 3301 omnibus

1330 3328 1362 3348 ea
1377 3315 1554 3356 tangentibus
1566 3314 1650 3345 nobis
1666 3315 1699 3345 ὃς
1713 3311 1844 3342 Consilio
1857 3309 1958 3341 nostro
1964 3308 2037 3351 apud
2046 3308 2396 3353 Wstmonasterium,8ub

1332 3356 1436 3395 Sigillis
1450 3353 1546 3384 vestris
1557 3353 1602 3383 vel
1615 3353 1702 3383 trium
1719 3350 1843 3380 vestrum
1859 3347 1971 3379 Clausas
1984 3346 2108 3377 Mittatis
2123 3349 2157 3379 &
2172 3348 2230 3378 hoc
2252 3346 2342 3378 Breve
2359 3358 2395 3379 ac

1331 3396 1424 3426 Breve
1441 3391 1574 3424 nostrum
1588 3390 1752 3430 predicium
1768 3398 1838 3418 cum
1860 3386 1998 3417 omnibus
2018 3385 2088 3416 illud
2105 3386 2231 3417 similiter
2253 3387 2395 3426 tangenti-

1331 3435 1401 3471 bus,
1419 3433 1454 3465 δε
1469 3432 1528 3462 hoc
1544 3429 1701 3460 nullatenus
1717 3427 1865 3458 omittatis.

1365 3509 1472 3548 Teste,
1488 3508 1550 3540 διε.

1594 3582 1717 3621 Subpena
1732 3581 1829 3611 ducens
1845 3587 1949 3618 tecum,
1966 3579 2005 3617 vij
2019 3588 2041 3607 s.
2056 3577 2076 3615 ij
2093 3576 2120 3607 d.

1333 3662 1489 3719 REX,
1507 3663 1568 3693 διε.
1606 3659 1737 3699 Johanm·
1761 3657 1872 3688 Adamr
1892 3657 1925 3687 &
1947 3652 2097 3686 Willielmo
2115 3651 2230 3694 Bourd,
2245 3652 2388 3696 ‘Salutenh

1413 3700 1595 3740 Qiibusdam
1609 3699 1690 3729 certis
1705 3698 1740 3728 de
1755 3696 1869 3734 Caufis,
1886 3702 1984 3737 coram
2000 3692 2084 3723 nobis
2102 3690 2272 3723 &Consilio
2288 3693 2389 3725 nostro

1329 3741 1497 3782 propositis,
1515 3739 1597 3770 vobis
1609 3737 1785 3776 precipimus
1799 3734 1918 3764 firmiter
1937 3729 2132 3773 iniungendo,
2150 3728 2231 3768 quod
2253 3733 2392 3763 omnibus

1327 3781 1387 3811 aliis
1403 3776 1584 3817 pretermiffis
1596 3799 1605 3814 ,
1621 3776 1656 3806 &
1670 3774 1857 3805 Excusatione
1869 3779 2038 3814 quacunque
2056 3768 2198 3812 ceflaiite,
2218 3769 2247 3797 in
2269 3772 2391 3808 propriis

1329 3818 1458 3850 Personis
1477 3815 1575 3847 vestris
1597 3815 1650 3846 sitis
1673 3823 1771 3844 coram
1789 3813 1872 3842 nobis
1890 3811 1923 3841 δε
1940 3807 2021 3838 dieto
2035 3806 2174 3837 Concilio
2189 3806 2290 3838 nostro
2313 3810 2388 3847 apud

1328 3855 1587 3898 westmonasterium
1601 3855 1630 3884 in
1647 3852 1802 3892 Qiindena
1817 3845 1961 3879 maelis
1976 3847 2107 3891 proxime
2129 3845 2238 3881 futura,
2261 3846 2391 3878 deferen-

1328 3905 1368 3927 tes
1379 3895 1530 3926 vobiscum
1544 3893 1642 3924 omnia
1659 3893 1693 3923 ὃς
1705 3887 1874 3921 omnimoda
1898 3885 1998 3929 Carta-s
2017 3886 2127 3921 Scripta
2149 3884 2182 3915 &
2205 3883 2391 3923 Munimenta

1348 3943 1497 3971 uecunque
1511 3930 1729 3962 Concernentia
1744 3929 1800 3958 sive
1813 3926 1975 3967 Tangentia
1989 3932 2075 3953 unam
2099 3921 2233 3952 Clausam
2255 3923 2333 3954 Prati
2353 3925 2388 3955 ὃς

1327 3945 1398 4004 fluas
1412 3972 1500 4002 Acras
1514 3970 1606 4001 Terre
1621 3977 1689 3999 cum
1710 3965 1899 4007 pertinentiis,
1919 3970 2045 4000 jacentes
2063 3962 2097 3993 &
2120 3961 2269 3991 existentes
2289 3963 2318 3992 iri
2333 3962 2389 3993 Pa-

1330 4011 1432 4043 rochia
1454 4009 1490 4040 de
1511 4007 1655 4044 challway
1676 4007 1708 4036 in
1721 4004 1870 4048 Comitatu
1891 3999 2033 4032 Lincolm'e
2053 4001 2087 4032 &
2109 4001 2237 4039 cognitas
2249 4009 2300 4038 per
2315 3999 2389 4030 No-

2327 4048 2394 4071 meu
