2536 4255
717 138 830 180 ET
925 139 1192 182 ACTA

0 236 2 241 ·
56 217 192 254 Ann.D.
207 221 337 260 xiguntur
351 219 388 252 he
405 220 503 255 Litere
517 222 693 256 Reverendo
708 226 739 256 in
754 223 872 256 Christo
887 224 963 258 Patri
983 226 1118 257 Domino
1141 225 1273 267 Augusti-

1300 138 1806 189 PUBLICA:
2315 166 2392 205 119

1324 224 1432 268 Clerici
1448 228 1542 260 ultimi
1557 229 1753 264 Incumbentis
1771 233 1879 264 ibidem
1897 235 1951 271 jam
1967 243 2135 274 vacantem,
2150 236 2184 267 &
2198 236 2231 267 ad
2248 236 2373 268 nostram
2391 240 2466 271 Anii.
2479 238 2520 273 D.

85 261 174 299 1634.
209 270 263 298 no,
282 258 443 299 Herqfordie
461 261 628 301 Episcop0,·
762 305 767 310 ·
985 304 990 309 ι
1130 307 1135 311 ·
1321 268 1556 313 presentationem
1571 272 1656 314 pleno
1669 272 1730 308 jure
1749 272 1920 310 spectantem
1937 287 1947 312 3
1984 275 2019 305 Et
2040 276 2196 314 diriguntur
2219 277 2255 304 he
2278 277 2373 306 Litere
2409 281 2496 317 1634,

51 303 115 368 ἕξιν..
128 307 174 367 {o-
247 298 337 330 Teste
354 298 440 338 Rege
458 302 532 342 apud
551 300 826 342 Wstmonasterium,
841 303 948 334 octavo
962 303 1008 335 die
1022 302 1156 334 Oblobris.
1319 301 1496 376 {gggrendo
1525 318 1554 338 in
1581 308 1697 339 Christo
1728 309 1803 340 Patri
1827 311 1960 343 Domino
1988 313 2117 351 Johaasm·
2132 336 2142 351 ‚
2178 317 2274 342 Sarum
2303 314 2373 354 Epi-
2387 322 2440 345 Aa.
2458 328 2500 347 io.

55 381 107 406 No.
124 383 171 412 5²-

56 691 105 717 No.
124 695 172 725 53.

248 375 366 407 Thomas
382 377 503 419 Mason,
521 379 670 418 Clericus,
694 380 724 409 in
745 379 861 410 Artibus
887 378 1045 420 Magister,
1071 381 1157 411 habet
1178 380 1275 411 confi-

209 415 292 446 miles
309 416 416 448 Literas
430 418 561 449 Patentes
576 419 612 449 de
628 418 837 456 presentatione
853 418 889 449 ad
906 418 1077 449 Rectoriam
1092 420 1127 450 de
1137 419 1273 449 Binbroo·

210 455 243 484 ke
260 457 359 498 Sqnufh’
379 459 495 494 Marie,
509 456 641 488 Diocesis
660 456 821 494 Lincolnie,
839 460 888 497 per*
905 467 1029 488 mortem
1045 458 1139 488 ultimi
1154 458 1272 489 Incum-

208 493 304 524 bentis
320 493 430 525 ibidem
443 504 610 533 vacantem,
630 495 663 525 &
676 495 711 525 ad
721 494 847 525 nostram
863 496 1100 533 presentationem
1110 497 1195 535 pleno
1207 497 1271 534 jure

205 532 403 572 spectantem,
424 533 460 564 Et
477 533 635 572 diriguntur
652 534 688 563 he
705 534 801 564 Litere
814 534 988 566 Reverendo
1005 536 1035 566 in
1050 535 1169 567 Christo
1190 536 1268 568 Patri

208 569 346 603 Domino
352 571 492 640 {manni
499 593 510 609 ,
527 571 668 601 Lincoluie
681 572 834 610 Episcopo.

244 608 334 642 Teste
383 619 438 648 ege
451 609 526 648 apud
541 610 800 650 Wstmonasterium
812 634 822 649 ,
840 609 961 650 septimo
978 612 1023 643 die
1043 611 1176 642 Ollobris.

247 689 382 718 Henricus
397 689 527 726 Graunt,
543 687 690 727 Clericus,
708 688 739 718 in
756 687 874 719 Artibus
894 688 1047 728 Magister,
1073 687 1160 719 hibet
1176 687 1270 719 consi-

160 746 163 749 ι
211 726 295 756 miles
311 725 420 756 Literas
437 725 567 758 Patentes
582 727 618 757 de
643 727 846 764 presentatione
861 727 896 758 ad
919 727 1102 765 Redioriam,
1124 727 1269 758 Vicariam

56 1002 105 1027 No.
123 1000 172 1035 542

56 1446 107 1471 No.
124 1450 174 1479 55.

56 1846 104 1877 No.
121 1847 168 1883 56.

57 2200 105 2228 No.
123 2205 172 2235 57.

57 2518 107 2546 No.
126 2512 173 2551 58.

65 2938 178 2966 ‘xlxa

103 2979 171 3011 619.

62 3017 113 3045 No.
130 3022 179 3054 59.

65 3287 116 3313 No.
135 3284 184 3312 60.

69 3644 121 3671 No.
135 3641 182 3669 61.

68 3986 119 4012 No.
137 3984 184 4012 62.

209 763 267 794 five
283 762 432 802 Capellam
448 766 485 796 de
499 769 608 804 stowe,
627 765 760 796 Diocesis
779 765 935 804 Linrolnie,
954 768 1012 804 jam
1029 766 1168 803 legittime
1182 767 1216 797 ὃς
1234 766 1270 796 de

203 802 268 842 jure
281 812 449 841 vacantem,
465 804 498 834 &
511 805 546 834 ad
562 803 687 835 nostram
704 804 939 841 presentationem
956 815 1003 842 per
1020 804 1140 841 Lapsum
1157 813 1270 841 tempo-

209 840 245 870 ris
266 841 322 872 hac
344 843 410 873 vice
431 843 622 879 spectantem5
646 841 683 872 Et
701 842 861 881 diriguntur
878 843 914 873 he
936 843 1031 874 Litere
1053 842 1224 874 Reverendo
1240 847 1270 874 in

208 877 328 910 Christo
341 879 420 912 Patri
434 881 570 911 Domino
584 879 715 918 Johanni
723 903 733 918 ,
750 880 889 910 Lincolnie
905 881 1060 919 Episcopo,

243 917 335 949 Teste
348 918 433 957 Rege
446 919 523 957 apud
547 918 819 958 Westmonasterium‚
837 919 954 950 decimo
969 921 1016 951 die
1030 919 1165 951 octobris.

243 993 413 1025 Alexander
435 993 541 1034 Huish‚
570 994 717 1034 Clericus,
737 995 766 1026 S.
791 995 832 1026 T.
860 996 893 1027 B.
910 996 996 1027 habet
1018 995 1177 1027 consimiles
1193 995 1272 1027 Lite-

209 1042 252 1064 ras
265 1033 397 1064 Patentes
411 1032 447 1064 de
468 1034 674 1072 presentatione
688 1035 724 1065 ad
740 1034 911 1065 Reetoriam
935 1035 971 1065 de
987 1035 1097 1074 Clopton
1107 1058 1117 1073 ,
1142 1035 1272 1065 Diocesis

209 1071 404 1111 Bathonienfis
427 1070 466 1107 ὀ·
485 1072 642 1113 Wllenfis,
658 1074 719 1112 jam
734 1073 878 1110 legittime
891 1073 976 1107 &de
987 1074 1049 1111 jure
1063 1083 1223 1111 vacantem,
1237 1073 1271 1103 &

207 1110 244 1141 ad
258 1109 384 1141 nostram
397 1111 633 1148 presentationem
645 1113 757 1143 ratione
773 1112 891 1142 minoris
904 1113 985 1142 etatis
1006 1111 1147 1141 Willielmi
1163 1114 1272 1142 Winter

207 1149 375 1187 Armigeri,
392 1151 448 1180 five
466 1151 576 1182 ratione
597 1150 738 1181 Custodie
759 1159 892 1181 terrarum
917 1151 950 1180 &
971 1159 1201 1181 tenementorum
1218 1151 1272 1181 Pa-

208 1188 287 1218 troni
302 1187 427 1218 Ecclesie
443 1189 479 1219 de
493 1189 606 1227 Clopton
620 1189 745 1226 predicta
759 1189 788 1218 in
804 1190 933 1219 manibus
953 1189 1052 1218 nostris
1074 1189 1272 1227 existentium,

208 1225 266 1256 five
281 1236 330 1263 per
345 1228 511 1264 pravitatem
533 1228 664 1259 Simonie
682 1228 737 1258 five
760 1237 809 1264 per
832 1227 954 1265 Lapsum
976 1228 1112 1267 temporis
1131 1227 1185 1257 hac
1209 1228 1273 1258 vice

207 1264 401 1303 spectantem,
420 1266 457 1296 Et
472 1266 634 1303 diriguntur
649 1267 685 1296 he
702 1267 796 1296 Litere
817 1265 990 1296 Reverendo
1011 1267 1040 1294 in
1055 1264 1174 1296 Christo
1194 1265 1272 1297 Patri

205 1301 341 1334 Domino
356 1304 517 1343 Willielmo,
534 1304 716 1345 Bathonienfi
728 1302 766 1337 ό*
784 1303 912 1343 VVellenfi
924 1302 1077 1341 Episcopo.

242 1342 334 1374 Teste
358 1343 439 1384 Rege
458 1345 534 1382 apud
561 1342 844 1383 Wistmonasterium,
862 1343 958 1379 primo
971 1341 1016 1372 die
1030 1341 1165 1373 Ochbris.

243 1418 371 1459 Jacobus
393 1420 524 1461 Sefflons,
542 1418 691 1456 Clericus,
715 1418 745 1447 in
768 1417 883 1450 Artibus
901 1417 1056 1458 Magister,
1080 1420 1165 1451 habet
1179 1419 1272 1451 confi-

210 1459 293 1493 miles
311 1461 418 1492 Literas
432 1460 564 1490 Patentes
578 1458 613 1488 de
628 1456 833 1494 presentatione
841 1457 875 1488 ad
891 1457 1059 1488 Retstoriam
1076 1460 1111 1489 de
1125 1459 1271 1498 Shawton,

208 1497 344 1529 Diocesis
364 1495 570 1536 Wintonienfis‚
597 1505 646 1536 per
667 1504 792 1526 mortem
821 1496 914 1526 ultimi
934 1496 1137 1528 Incumbentis
1161 1498 1270 1529 ibidem

201 1537 265 1576 jam
289 1544 442 1567 vacantem
460 1557 470 1573 ,
503 1537 537 1565 &
558 1533 593 1564 ad
617 1533 744 1564 nostram
769 1534 1008 1572 presentationem
1035 1538 1145 1567 ratione
1175 1538 1272 1568 Luna-

206 1575 254 1606 cie
268 1573 413 1613 Johannis
431 1573 543 1610 Knight
563 1573 708 1609 Armigeri
725 1594 735 1610 ,
772 1573 892 1603 Patroni
920 1573 1045 1605 Ecclesie
1071 1575 1107 1605 de
1132 1575 1272 1606 Chawton

203 1614 332 1652 predicta
345 1636 356 1653 ‚
393 1614 448 1643 hac
467 1613 531 1643 vice
548 1610 724 1648 spectantem
744 1622 754 1648 ;
793 1611 833 1642 Et
849 1612 1012 1649 diriguntur
1035 1613 1072 1643 he
1092 1613 1187 1645 Litere
1212 1615 1274 1645 Re-

204 1653 332 1721 }erendo
349 1654 380 1682 in
404 1650 522 1682 Christo
542 1649 621 1682 Patri
645 1649 781 1680 Domino
806 1650 942 1681 Gualtero
959 1673 971 1689 ,
1006 1653 1188 1693 Wintonienfi
1205 1653 1274 1692 Epi-

220 1701 257 1722 co
278 1702 308 1723 0.

204 1702 332 1798 ,br'IEeste
350 1728 435 1768 Rege
452 1727 527 1767 apud
546 1725 808 1767 Wstmonasterium
824 1750 835 1767 ,
867 1727 1006 1759 vicesimo
1024 1738 1106 1760 nono
1124 1729 1171 1761 die
1187 1731 1273 1762 030-

238 1778 270 1799 ts.
1090 1783 1097 1788 -

244 1844 411 1877 Willielmus
427 1841 560 1882 Griffi‘th,
578 1842 727 1880 Clericus,
746 1843 776 1872 in
794 1841 914 1874 Artibus
930 1843 1081 1883 Magister,
1100 1846 1185 1877 habet
1201 1856 1275 1878 con-

205 1884 308 1916 similes
322 1884 430 1915 Literas
445 1883 579 1915 Patentes
589 1880 625 1912 de
641 1880 846 1920 presentatione
864 1882 899 1912 ad
916 1881 1086 1914 Rectoriam
1099 1884 1134 1914 de
1149 1885 1273 1915 Llande-

205 1923 327 1964 mallyn,
347 1922 478 1953 Diocesis
497 1924 628 1959 Bangor,
646 1929 834 1958 permortem
848 1920 941 1951 ultimi
953 1921 1152 1954 Incumbentis
1164 1924 1273 1955 ibidem

202 1964 263 2003 jam
281 1970 448 1999 vacantem,
471 1960 504 1992 &
526 1959 563 1990 ad
577 1958 707 1990 nostram
722 1959 957 1998 presentationem
974 1961 1059 1997 pleno
1069 1963 1132 2000 jure
1146 1963 1274 2002 specstan-

209 2011 288 2041 tem,
308 2001 345 2032 Et
360 2000 520 2040 diriguntur
535 1997 572 2029 he
593 1998 688 2029 Litere
702 1997 877 2031 Reverendo
893 1999 924 2029 in
939 1997 1058 2030 Christo
1073 2000 1149 2031 Patri
1164 2001 1274 2033 Domi-

209 2050 251 2072 no
267 2039 418 2070 Edmundo
428 2061 438 2077 ,
458 2041 568 2075 Bangor
584 2036 740 2076 Episcopo.

204 2117 222 2149 b
245 2079 335 2111 Teste
353 2078 433 2118 Rege
451 2077 527 2118 apud
545 2076 828 2117 Westmonaslerium,
846 2076 991 2110 tricesimo
1008 2079 1106 2118 primo
1125 2079 1172 2111 die
1187 2080 1275 2110 030-

224 2128 271 2150 r15.

244 2196 362 2227 Thomas
377 2193 555 2234 Middleton,
572 2193 720 2233 Clericus,
737 2194 769 2225 in
790 2193 907 2225 Artibus
921 2192 1077 2235 Magister,
1102 2196 1188 2227 habet
1201 2206 1274 2228 con-

210 2236 313 2268 similes
330 2236 439 2266 Literas
453 2234 584 2265 Parentes
598 2233 634 2265 de
648 2233 856 2271 presentatione
869 2234 904 2264 ad
918 2233 1066 2264 Vicariam
1083 2234 1119 2264 de
1133 2239 1273 2274 Steniton,

209 2271 343 2306 Diocesis
359 2273 551 2313 Menqvenffi,
570 2283 619 2311 per
633 2280 760 2303 mortem
774 2273 868 2303 ultimi
881 2272 1080 2303 incumbentis
1094 2273 1202 2304 ibidem
1214 2276 1274 2312 jam

209 2322 378 2351 vacantem,
391 2312 425 2342 &
441 2311 476 2343 ad
492 2312 616 2342 nostram
637 2311 874 2350 presentationem
898 2311 983 2347 pleno
995 2312 1056 2349 jure
1079 2312 1272 2351 speetantem,

208 2352 245 2383 Et
261 2352 418 2391 diriguntur
428 2352 465 2382 he
481 2350 577 2381 Litere
587 2349 760 2381 Reverendo
773 2351 803 2380 in
817 2349 939 2380 Christo
955 2348 1032 2380 Patri
1049 2350 1274 2382 DominoTheo-

205 2390 297 2430 philo,
316 2388 478 2430 Meneverifi
492 2388 648 2427 Episcopo.

248 2429 339 2462 Teste
354 2429 441 2467 Rege
452 2429 529 2466 apud
545 2427 822 2467 Wellmonasterium,
847 2427 931 2458 tertio
945 2426 992 2458 die
1006 2427 1190 2460 Novembris,

251 2506 395 2538 Walterus
409 2505 556 2543 Atwood,
575 2505 725 2541 Clericus,
743 2504 773 2534 in
792 2503 908 2534 Artibus
925 2503 1082 2544 Magister,
1100 2505 1188 2537 habet
1204 2516 1277 2539 con-

209 2545 313 2577 fimiles
330 2547 437 2577 Literas
449 2545 580 2576 Parentes
592 2544 628 2574 de
642 2542 847 2582 presentatione
862 2542 898 2573 ad
915 2543 939 2573 V
943 2544 1058 2574 icariam
1083 2544 1119 2575 de
1142 2545 1276 2585 Warmisl

212 2591 257 2615 ter
272 2585 336 2615 alias
357 2583 557 2623 Warminster,
582 2581 713 2612 Diocefis
736 2583 854 2619 Sarum,
867 2583 939 2624 jam-
949 2581 1090 2622 legittime
1111 2585 1144 2615 ὃς
1165 2584 1202 2614 de
1213 2585 1276 2623 jure

209 2631 364 2654 vacantem
376 2645 386 2661 ,
401 2623 435 2654 δε
460 2622 497 2652 ad
519 2621 648 2652 nostram
669 2619 905 2663 presentationem
922 2622 979 2651 sive
993 2631 1042 2658 per
1061 2621 1187 2660 Lapsum
1200 2631 1275 2654 tem-

209 2662 307 2699 poris,
327 2662 385 2692 five
402 2671 454 2700 per
472 2662 643 2698 pravitatem
670 2658 800 2689 Simonie
813 2681 824 2697 ,
840 2658 896 2690 five
911 2659 1022 2689 ratione
1045 2661 1203 2691 vacationis
1224 2662 1276 2692 Se-

212 2700 256 2730 dis
273 2699 447 2738 Episcopalis
464 2702 562 2729 Sarum
577 2720 587 2736 ,
625 2706 756 2736 ternpore
781 2698 937 2728 vacationis
956 2697 1069 2729 Vicarie
1098 2700 1224 2739 predicte
1243 2701 1277 2731 si-

210 2748 249 2768 ve
266 2738 362 2775 aliquo
386 2738 442 2768 alio
467 2746 641 2775 quocunque
658 2735 749 2766 modo
772 2736 829 2766 hac
848 2737 914 2767 vice
933 2736 1111 2774 spectantem
1130 2750 1141 2776 3
1178 2737 1216 2769 Et
1235 2739 1279 2769 di-

212 2777 342 2844 {guptur
370 2777 408 2804 he
432 2776 529 2808 Litere
552 2774 726 2807 Reverendo
752 2773 831 2805 Patri
852 2774 991 2806 Domino
1008 2775 1156 2815 Johanni,
1180 2780 1280 2809 Sarum

265 2822 321 2842 ico
365 2834 373 2840 .

244 2821 444 2888 l31'estxgoRe2‘ge
460 2848 537 2886 apud
553 2847 837 2889 Wflmonalberium‚
861 2852 961 2890 quinto
977 2851 1023 2883 die
1045 2854 1225 2886 Novembris.

258 2927 279 2948 ⁴¹²
298 2925 408 2958 Samuel
419 2928 534 2962 Cotton,
553 2923 682 2954 Clericus
717 2921 749 2953 S.
762 2923 803 2954 T.
826 2923 859 2955 B.
878 2924 967 2956 habet
989 2928 1151 2959 consimiles
1174 2930 1282 2961 Literas

216 2967 350 3000 Patentes
364 2965 401 2995 de
414 2963 621 3002 presentatione
636 2961 672 2992 ad
685 2945 857 2992 hesionam
873 2963 908 2993 de
932 2964 1070 2994 Cotsbitch
1093 2967 1157 2996 alias
1177 2972 1283 2998 Cottes-

218 3005 296 3045 bich,
315 3003 447 3036 Diocefis
459 3000 620 3038 Lincolnie‚
639 3010 689 3038 per
704 3007 831 3031 mortem
847 3001 940 3032 ultimi
953 3001 1152 3035 Incumbentis
1171 3006 1281 3037 ibidem

217 3047 280 3084 jam
294 3049 446 3075 vacantem
455 3063 465 3079 ,
480 3041 514 3073 &
530 3040 564 3071 ad
579 3038 705 3070 nostram
721 3039 956 3076 presentationem
970 3043 1079 3072 ratione
1093 3043 1212 3075 minoris
1225 3053 1282 3076 eta-

219 3086 257 3116 tis
416 3083 527 3110 Bennet
543 3078 684 3110 Generosi
695 3101 705 3115 ,
722 3078 840 3109 Patroni
855 3078 930 3109 dicte
946 3078 1072 3111 Ecclefie
1086 3090 1139 3118 pro
1153 3083 1206 3114 hac
1217 3084 1282 3115 vice

218 3121 415 3160 speciantem3
433 3118 470 3149 Et
486 3117 646 3155 diriguntur
660 3117 696 3147 he
713 3117 810 3148 Litere
824 3116 998 3149 Reverendo
1020 3120 1051 3150 in
1065 3118 1184 3152 Christo
1206 3122 1284 3154 Patri

218 3161 357 3193 Domino
373 3157 522 3197 Johanni,
540 3155 683 3186 Lincolnie
699 3155 856 3193 Episcopo.

254 3198 344 3231 Teste
360 3197 445 3237 Rege
459 3194 535 3234 apud
548 3193 828 3235 Wst‘monasterium.
842 3196 946 3235 quinto
959 3194 1007 3226 die
1020 3195 1197 3228 Novembris.

255 3279 391 3307 Henricus
403 3273 522 3313 James,
541 3272 570 3302 in
588 3270 705 3302 Artibus
719 3269 879 3309 Magister,
898 3271 982 3303 habet
999 3273 1161 3305 consimiles
1181 3273 1286 3306 Paten-

222 3324 264 3347 tes
278 3315 314 3345 ad
331 3313 501 3345 Redtoriam
515 3310 552 3340 de
566 3309 688 3340 Machen
700 3309 766 3340 alias
780 3310 939 3349 Maughen,
956 3311 1089 3342 Diocesis
1111 3313 1287 3343 Landaven-

215 3355 273 3395 fis,
287 3354 347 3392 jam
361 3351 502 3390 legittime
514 3350 547 3381 &
563 3348 599 3379 de
612 3349 675 3387 jure
695 3357 866 3386 vacantem,
892 3351 925 3380 &
941 3350 976 3379 ad
993 3350 1120 3381 nostram
1144 3352 1286 3389 presenta-

225 3394 335 3423 tionem
351 3401 401 3429 per
416 3389 541 3426 Lapsum
556 3387 695 3424 temporis
709 3387 767 3418 sive
780 3396 829 3425 per
844 3389 1009 3424 pravitatem
1025 3388 1155 3420 Simonie
1172 3390 1226 3422 hac
1242 3393 1286 3421 vi-

219 3441 255 3461 ce
261 3431 454 3467 spectantem3
474 3426 512 3457 Et
526 3425 688 3463 diriguntur
701 3426 740 3457 he
756 3425 854 3457 Litere
864 3425 1037 3458 Reverendo
1051 3429 1082 3458 in
1096 3427 1214 3459 Christo
1230 3430 1285 3462 Pa-

220 3471 257 3500 tri
275 3468 413 3498 Domino
431 3463 596 3501 Wllielmo,
615 3463 799 3504 Landavenfi
811 3463 963 3504 Episcopo.

252 3506 342 3538 Teste
362 3505 446 3544 Rege
466 3502 540 3542 apud
563 3502 823 3543 Wstmonastermm
836 3526 848 3542 ,
884 3502 1061 3535 duodecimo
1085 3504 1132 3537 die
1159 3507 1285 3537 Novem-

215 3546 282 3578 bris.

257 3624 426 3654 Laurencius
442 3618 580 3658 Barlow,
598 3617 747 3658 Clericus,
764 3619 795 3649 in
811 3617 928 3663 Artibus
941 3618 1097 3659 Magister,
1116 3620 1201 3653 habet
1209 3631 1283 3653 cori-

219 3663 321 3694 similes
346 3661 453 3692 Literas
475 3658 606 3689 Patentes
628 3658 665 3689 de
687 3656 900 3702 presentatione·
918 3658 952 3690 ad
967 3659 1135 3690 Rectoriam
1152 3659 1188 3691 de
1204 3660 1283 3700 Clop-

224 3709 291 3739 ton,
306 3699 435 3730 Diocesis
451 3695 640 3736 Bathonienfis
656 3694 695 3731 ὠν
709 3695 866 3741 lsVellenfis,
888 3707 950 3735 jam
972 3698 1110 3736 legittime
1125 3699 1159 3730 &
1175 3699 1282 3737 dejure

223 3748 388 3775 vacantem,
407 3738 441 3768 &
456 3736 491 3767 ad
503 3733 630 3780 nostram
646 3734 883 3780 presentationem
901 3746 950 3773 per
964 3736 1088 3775 Lapsum
1102 3739 1240 3780 temporis
1248 3738 1282 3768 si-

222 3787 322 3846 {3555
333 3778 505 3847 flevisses,
513 3774 1284 3854 {1esssslfisffisicssffis‘ssizaissz&25322252335

243 3836 248 3844 ¹
1077 3837 1086 3852 2

220 3852 816 3933 &Tbgghenlessglgzzgofflstmonasterium
834 3913 845 3929 ,
881 3889 992 3922 οᾶανο
1017 3889 1063 3920 die
1080 3891 1257 3922 Novembris.

259 3970 303 3998 W
304 3967 428 4000 illielmus
443 3969 618 4005 Gallamore,
633 3966 783 4005 Clericus,
807 3969 838 3998 in
861 3967 976 3998 Artibus
998 3967 1214 4007 Baccalaureus,
1232 3970 1284 4000 ha-

225 4008 276 4038 bet
300 4008 457 4038 consimiles
480 4009 584 4039 Literas
606 4007 737 4038 Patentes
758 4006 793 4036 de
817 4007 1017 4044 presentatione
1038 4008 1071 4037 ad
1090 4007 1233 4037 Vicariam
1248 4009 1284 4038 de

223 4046 358 4078 Swindon.
366 4045 497 4079 Diocesis
513 4051 631 4085 Sarum,
654 4056 704 4085 per
719 4045 955 4084 Resignationem
970 4044 1110 4077 Willielmi
1131 4045 1285 4076 Gallamore

1318 377 1447 446 veriihestse
1465 380 1543 420 Rege
1556 384 1628 422 apud
1642 386 1918 427 Wstmonasterium,
1941 390 2074 420 vicennio
2098 390 2224 421 secundo
2245 390 2292 421 die
2310 391 2371 419 No·
2387 358 2450 384 cm·
2470 367 2493 385 ι’

1401 428 1425 447 rl
1441 440 1446 446 .
1493 428 1498 434 '

1346 493 1618 538 ‘JohannesTurneg
1632 499 1776 539 Clericus,
1786 503 1813 532 in
1825 503 1937 533 Artibus
1949 504 2193 544 Magister,habct
2207 503 2367 536 consimiles
2385 513 2432 540 No.
2453 514 2499 547 σς,

1315 531 1421 575 Literas
1442 533 1570 564 Patentes
1585 538 1619 566 de
1634 539 1833 574 presentatione
1853 542 1886 571 ad
1906 543 2071 574 RcCtoriam
2085 546 2120 574 de
2130 547 2223 573 Eatoiz
2241 545 2369 582 Hassis-igr
2474 544 2478 548 “

1315 571 1380 601 alias
1396 574 1495 602 Water
1511 573 1639 613 Hasttngr
1683 577 1812 608 Diocesis
1834 583 1949 616 Sarum,
1966 582 2026 618 jam
2051 583 2186 620 legittime
2202 584 2234 612 ὃς
2256 583 2290 612 de
2310 583 2372 619 jure

1315 619 1484 649 vacantem,
1499 611 1531 641 &
1549 611 1581 641 ad
1598 600 1721 660 nostram
1739 618 1970 652 presentationem
1991 629 2038 656 per
2051 621 2174 658 Lapsum
2189 621 2322 657 temporis
2339 621 2373 649 ii-

1315 657 1350 677 vc
1374 658 1423 693 per
1439 658 1603 687 pravitatem
1620 653 1766 695 binionie‚
1791 656 1841 684 hnic
1858 658 1921 686 vice
1942 659 2134 695 speetanteniz,
2155 658 2189 688 Et
2211 659 2370 697 diriguntur

1314 685 1351 753 Ιέο
1365 688 1464 754 ⁵&itere
1482 688 1653 720 Reverendo
1676 699 1704 720 in
1723 691 1840 722 Christo
1861 693 1935 724 Patri
1949 696 2082 726 Domino
2098 696 2246 735 Johasmi,
2272 700 2371 726 Sarum

1343 735 1369 762 pi
1383 736 1469 764 copo.

1314 764 1440 833 wigii?
1463 765 1549 804 Rege
1570 765 1645 806 apud
1668 766 1926 808 Wstmonasterium
1941 793 1950 809 ,
1974 758 2112 803 vicesimo
2130 774 2233 811 quinto
2246 773 2291 804 die
2308 775 2370 803 No-

1362 879 1524 911 Wllielmus
1538 881 1661 921 Griffi’th,
1679 883 1709 914 in
1736 880 1853 914 Artibus
1874 882 2024 924 Magister,
2037 886 2120 917 habet
2137 888 2296 919 consimiles
2317 887 2369 919 Li-
2385 894 2435 919 No.
2454 891 2500 926 64.

1316 924 1383 962 teras
1409 918 1537 958 Patentes
1563 921 1599 951 de
1621 921 1821 961 presentatione
1843 921 1877 952 ad
1905 922 2064 954 Re'otoriam
2083 926 2118 955 (ie
2140 927 2368 967 Llana'enyolyn,

1319 955 1452 988 Diocefis
1473 960 1607 997 Bangor,
1631 969 1679 999 per
1700 969 1825 991 mortem
1852 960 1942 990 ultimi
1967 960 2158 994 Incumbeniis
2180 966 2286 995 ibidem
2312 976 2369 1002 lim

1318 1005 1487 1036 vacantem,
1509 998 1541 1028 ὃς
1563 998 1598 1028 ad
1612 997 1735 1030 nostram
1751 999 1985 1035 presentationem
2007 1002 2088 1037 pleno
2099 1004 2160 1040 jure
2176 1004 2372 1043 spectantem,

1319 1033 1357 1064 Et
1378 1035 1535 1074 diriguntur
1564 1037 1600 1066 he
1628 1037 1725 1068 Litere
1748 1036 1921 1073 Reverendo
1947 1039 1977 1068 in
2007 1038 2121 1069 Christo
2142 1041 2217 1071 Patri
2238 1042 2374 1073 Domino

1318 1072 1481 1114 Edmundo,
1499 1078 1612 1113 Bangor
1632 1075 1785 1114 Episcopo.

1318 1160 1341 1180 v
1356 1110 1447 1180 TZste
1475 1113 1557 1153 Rege
1582 1115 1657 1152 apud
1689 1113 1965 1154 Westmonasterium,
1978 1113 2114 1145 vicesimo
2129 1126 2227 1155 quarto
2249 1119 2294 1149 die
2310 1121 2373 1149 No-

1341 1161 1382 1179 enl
1401 1161 1447 1181 r15.

1359 1227 1509 1267 Johannes
1524 1228 1584 1260 Till
1602 1229 1718 1268 Adam,
1739 1229 1886 1268 Clericus,
1914 1230 1943 1260 in
1967 1229 2086 1261 Artibus
2108 1229 2262 1270 Magister,
2289 1233 2376 1265 habet
2393 1244 2442 1269 No.
2461 1242 2506 1276 65,

1318 1268 1478 1298 consimiles
1509 1269 1614 1299 Literas
1636 1269 1765 1299 Patentes
1790 1268 1826 1298 de
1848 1267 2051 1308 presentatione
2066 1268 2100 1299 ad
2122 1269 2288 1300 Reitoriarn
2302 1276 2375 1301 San-

1319 1307 1356 1335 csli
1373 1306 1528 1344 Warburgh
1545 1308 1575 1336 in
1590 1306 1716 1337 Civitate
1732 1306 1851 1346 Brtstol,
1860 1317 1909 1344 per
1925 1315 2047 1337 mortem
2065 1306 2156 1337 ultimi
2179 1307 2376 1341 Incumbentis

1318 1344 1425 1375 ibidem
1443 1345 1503 1382 jam
1528 1353 1697 1383 vacantem,
1723 1346 1755 1376 &
1776 1346 1810 1376 ad
1827 1345 1950 1375 nostram
1965 1345 2200 1383 presentationem
2217 1347 2300 1384 pleno
2316 1350 2377 1387 jure

1318 1382 1512 1422 spectantem3
1537 1382 1575 1413 Et
1594 1383 1751 1423 diriguntur
1767 1384 1802 1414 he
1825 1383 1917 1413 Litere
1933 1383 2109 1414 Reverendo
2134 1385 2163 1414 iu
2189 1384 2305 1415 Christo
2327 1387 2378 1417 Pa-

1316 1422 1353 1452 tri
1378 1421 1509 1452 Domino
1523 1424 1649 1460 Georgia,
1668 1425 1718 1451 Bri
1741 1421 1767 1450 ol
1780 1422 1930 1459 Episcopo.

1355 1459 1443 1528 Tleste
1462 1459 1548 1498 Rege
1566 1461 1638 1500 apud
1656 1459 1930 1499 Wlmonallerium,
1955 1460 2093 1493 vicesimo
2111 1459 2233 1499 septimo
2256 1461 2302 1493 die
2319 1466 2380 1494 No-

1319 1509 1381 1529 vem
1402 1509 1449 1529 ris.

1355 1578 1483 1612 Georgius
1499 1579 1621 1615 Otway‚
1642 1574 1787 1614 Clericus,
1807 1577 1836 1605 in
1861 1573 1977 1605 Artibus
1995 1573 2132 1613 Magister
2147 1599 2157 1614 ,
2184 1576 2272 1607 habet
2287 1579 2380 1610 consi-
2398 1591 2447 1614 No.
2465 1588 2508 1614 66,

1320 1615 1401 1646 miles
1419 1615 1526 1646 Literas
1541 1615 1671 1646 Patentes
1686 1615 1721 1646 de
1740 1614 1948 1652 presentatione
1971 1613 2006 1644 ad
2031 1614 2174 1644 vicariam
2197 1615 2232 1645 de
2252 1615 2384 1647 charteri-

1319 1653 1383 1684 alias
1397 1652 1563 1693 charteris,
1583 1653 1711 1684 Diocesis
1726 1652 1840 1692 Eliensts
1850 1677 1860 1692 ‚
1878 1662 1926 1690 per
1943 1660 2069 1683 mortem
2084 1653 2180 1683 ultimi
2203 1652 2381 1687 incumben-

1318 1693 1352 1722 tis
1364 1692 1473 1722 ibidem
1484 1694 1544 1731 jam
1554 1699 1722 1730 vacantem,
1741 1692 1774 1723 &
1789 1692 1824 1722 ad
1841 1691 1965 1722 nostram
1980 1691 2218 1728 presentationem
2234 1693 2320 1730 pleno
2334 1696 2381 1731 J'u-

1318 1741 1349 1761 re
1363 1730 1557 1768 spectantem
1576 1730 1614 1761 Et
1633 1731 1793 1768 diriguntur
1806 1731 1843 1761 he
1863 1731 1956 1761 Litere
1969 1730 2146 1761 Reverendo
2160 1732 2190 1762 in
2199 1730 2317 1762 Christo
2327 1733 2384 1765 Pa-

1317 1771 1355 1800 tri
1376 1769 1511 1799 Domino
1529 1768 1686 1807 Francisbo,
1702 1767 1805 1808 Eliensi
1819 1768 1974 1808 Episcopo.

1356 1806 1445 1839 Teste
1461 1806 1548 1845 Rege
1561 1808 1634 1845 apud
1649 1806 1906 1847 Westmonasterrma
1922 1829 1933 1845 ,
1968 1806 2090 1847 septimo
2107 1807 2153 1838 die
2171 1809 2347 1840 Novembris.

1354 1883 1462 1915 Daniel
1478 1883 1636 1923 Lawford,
1662 1883 1808 1923 Clericus,
1841 1884 1871 1914 in
1891 1883 2009 1914 Artibus
2029 1883 2188 1922 Magister,
2207 1885 2292 1916 habet
2310 1897 2384 1917 con·
2398 1894 2448 1918 No.
2466 1892 2513 1924 67.

1321 1923 1421 1954 similes
1438 1924 1545 1954 Literas
1562 1923 1694 1953 Patentes
1709 1924 1746 1954 de
1762 1922 1965 1961 presentatione
1979 1922 2013 1952 ad
2029 1921 2170 1953 Vicariam
2191 1923 2227 1954 de
2250 1926 2383 1964 Beistei'gh

1323 1961 1621 1998 DiocesisGloucestrie
1631 1985 1640 2001 ,
1656 1963 1716 2000 jam
1731 1962 1870 2002 legittime
1884 1962 1916 1992 ὅ(
1931 1961 1967 1991 de
1978 1961 2039 1999 jure
2051 1970 2217 2000 vacantem,
2234 1962 2266 1992 ὃς
2283 1966 2316 1993 ati
2329 1975 2386 1994 iio-

1321 2003 1406 2032 stram
1423 2002 1661 2039 presentationem
1705 2001 1772 2031 leno
1787 2001 1846 2038 jure
1868 2000 2068 2038 spe&antem;
2100 1999 2137 2029 Et
2164 2001 2326 2037 diriguntur
2348 2003 2383 2033 he

1321 2041 1418 2072 Litere
1437 2039 1610 2071 Reverendo
1631 2040 1661 2069 in
1694 2038 1793 2070 ‘hristo
1812 2038 1891 2070 Patri
1909 2039 2043 2069 Domino
2058 2038 2208 2078 Goffrido,
2226 2038 2386 2080 Glouceftrie

1321 2081 1346 2112 E
1369 2080 1429 2110 isco
1450 2090 1478 2109 o.

1347 2089 1453 2188 prestlie
1467 2117 1550 2157 Rege
1563 2117 1637 2157 apud
1650 2115 1932 2156 Wstmonasterium‚
1958 2115 2100 2148 vicesimo
2117 2115 2245 2148 secundo
2261 2117 2309 2149 die
2324 2120 2386 2148 No-

1321 2169 1385 2189 vem
1403 2167 1450 2188 rzs.

1357 2234 1503 2274 Johannes
1518 2235 1619 2274 Wiod,
1633 2233 1781 2271 Clericus,
1793 2233 1822 2264 in
1837 2232 1957 2264 Artibus
1971 2231 2127 2273 Magister,
2142 2232 2229 2263 habet
2243 2233 2384 2265 consimi-
2400 2244 2449 2269 No,
2467 2239 2512 2269 68.

1322 2275 1362 2305 les
1381 2274 1490 2305 Literas
1514 2273 1643 2304 Parentes
1663 2273 1698 2303 de
1721 2272 1926 2309 presentatione
1947 2272 1981 2302 ad
2002 2272 2175 2302 Re&oriam
2196 2272 2233 2302 de
2257 2272 2385 2311 Asteley,

1322 2313 1451 2344 Dioceiis
1467 2315 1617 2350 Wigornie,
1634 2313 1693 2351 jam
1710 2311 1850 2348 legittime
1863 2311 1896 2342 δε
1913 2311 1949 2341 de
1961 2312 2022 2349 jure
2043 2319 2209 2348 vacantem,
2227 2311 2261 2342 &
2280 2311 2315 2341 ad
2332 2321 2386 2341 no-

1322 2351 1408 2382 stram
1431 2351 1669 2388 presentationem
1696 2359 1746 2387 per
1767 2350 1934 2388 pravitatem
1957 2350 2087 2380 simonie
2102 2349 2158 2380 sive
2185 2359 2234 2388 per
2260 2349 2385 2389 Lapsum

1320 2392 1458 2428 temporis
1471 2390 1524 2421 hac
1538 2390 1602 2420 vice
1618 2389 1808 2427 spefitantem3
1829 2389 1863 2419 Et
1872 2388 2030 2427 diriguntur
2045 2388 2080 2418 he
2098 2387 2193 2418 Litere
2211 2387 2387 2419 Reverendo

1321 2430 1341 2451 ³³
1358 2430 1387 2459 in
1396 2428 1516 2459 Christo
1530 2428 1603 2459 Patri
1618 2428 1753 2459 Domino
1766 2425 1895 2465 Johanni
1906 2449 1916 2465 ,
1941 2428 2074 2464 Wgornie
2096 2426 2254 2464 Episcopo.

1356 2467 1446 2499 Teste
1460 2467 1543 2507 Rege
1561 2466 1635 2505 apud
1648 2465 1920 2506 Wesimonasberium,
1939 2466 2055 2496 decimo
2073 2464 2120 2496 die
2134 2464 2310 2496 Novembris.
2394 2439 2413 2458 ο
2432 2441 2515 2470 ΧῘΧ“

2434 2480 2499 2507 620.

1359 2544 1475 2576 Thomas
1490 2544 1651 2582 Norhorne,
1676 2543 1824 2581 Clericus,
1849 2544 1879 2573 in
1897 2542 2017 2574 Artibus
2033 2540 2187 2581 Magister,
2207 2542 2294 2573 habet
2311 2552 2383 2573 con-
2401 2559 2450 2583 No.
2469 2555 2514 2586 60-

1321 2583 1422 2614 fimiles
1445 2584 1550 2614 Literas
1574 2583 1706 2614 Patentes
1727 2583 1762 2612 de
1786 2578 1988 2620 presentatione
2012 2582 2047 2612 ad
2074 2581 2243 2612 Redtoriam
2265 2580 2302 2610 de
2317 2582 2390 2611 Peb-
2489 2587 2494 2590 ’

1322 2621 1410 2660 marlh
1427 2622 1491 2652 alias
1506 2620 1672 2659 Pedmarfh,
1692 2620 1822 2652 Diocefis
1839 2620 1971 2658 London,
1983 2620 2043 2658 jam
2061 2620 2204 2657 legittime
2221 2620 2254 2650 &
2278 2619 2314 2648 de
2326 2620 2388 2657 jure

1322 2669 1492 2698 vacantem,
1511 2661 1553 2691 &'
1561 2661 1595 2690 ad
1613 2660 1737 2690 nostram
1750 2659 1986 2698 presentationem
2007 2668 2056 2696 per
2072 2659 2240 2696 pravitatem
2261 2657 2389 2688 Simonie

1322 2700 1379 2731 five
1396 2709 1445 2738 per
1463 2698 1586 2736 Lapsum
1601 2700 1737 2736 temporis
1757 2722 1767 2737 ,
1795 2697 1848 2727 hac
1865 2698 1931 2728 vice
1953 2697 2150 2734 spe&antem;
2176 2696 2212 2726 Et
2235 2695 2390 2733 diriguntur

1322 2739 1359 2769 he
1375 2739 1472 2769 Litere
1486 2737 1660 2769 Reverendo
1674 2738 1703 2768 in
1718 2735 1837 2768 Christo
1857 2735 1935 2766 Patri
1948 2735 2083 2766 Domino
2099 2734 2259 2771 lVillielmo,
2269 2735 2389 2765 London

1324 2777 1430 2809 Eiisco
1473 2799 1480 2806 .

1352 2786 1546 2853 iTestgoRege
1559 2813 1634 2853 apud
1649 2812 1922 2853 Wqssmonasterium,
1945 2811 2029 2842 tertio
2046 2810 2094 2840 die
2109 2809 2273 2839 Decembris.

1362 2899 1486 2938 Jacobus
1500 2902 1582 2937 Omey
1592 2921 1602 2936 ,
1617 2898 1761 2935 Clericus,
1780 2898 1810 2927 iri
1826 2896 1942 2928 Artibus
1958 2894 2113 2932 Magister,
2145 2895 2231 2926 habet
2249 2896 2385 2927 consimi-
2400 2905 2447 2929 No.
2468 2903 2517 2939 70]

1324 2938 1365 2968 les
1381 2937 1490 2968 Literas
1516 2937 1647 2968 Patentes
1673 2936 1708 2966 de
1731 2935 1933 2974 presentatione
1955 2934 1989 2964 ad
2012 2933 2157 2964 Vicariam
2183 2935 2218 2963 de
2241 2938 2387 2974 sunnon,

1327 2975 1461 3006 Diocesis
1483 2976 1609 3013 Exonie,
1638 2983 1687 3014 pet
1715 2982 1838 3005 mortem
1865 2974 1958 3004 ultimi
1981 2972 2178 3014 incumbentis
2199 2974 2307 3003 ibidem
2328 2975 2389 3012 jam

1325 3021 1497 3050 vacantem,
1513 3015 1546 3045 ὃ(
1560 3013 1594 3044 ad
1611 3013 1737 3043 nostram
1752 3012 1985 3051 presentationem
2008 3012 2091 3047 pleno
2109 3021 2172 3048 jure
2198 3012 2390 3050 spectantem,

1327 3052 1366 3083 Et
1381 3052 1538 3091 diriguntur
1553 3052 1589 3083 he
1608 3051 1702 3082 Litere
1720 3050 1892 3082 Reverendo
1905 3051 1934 3080 in
1949 3048 2067 3079 Christo
2084 3049 2158 3080 Patri
2175 3048 2309 3081 Domitio
2331 3051 2390 3088 Jo-

1319 3090 1402 3131 prho
1410 3113 1420 3129 ,
1437 3092 1551 3121 Exoniei
1561 3090 1714 3128 Episcopo.

1365 3128 1454 3161 Teste
1470 3128 1552 3169 Rege
1566 3129 1639 3169 apud
1654 3126 1930 3168 westmonasterium,
1947 3136 2028 3158 nono
2045 3126 2091 3157 die
2104 3126 2265 3157 Decembrir.

1363 3214 1518 3255 Franciscus
1532 3219 1685 3254 Bowman,
1702 3214 1852 3252 Clericus,
1870 3215 1954 3245 habet
1973 3214 2136 3246 consimiles
2159 3214 2264 3245 Literas
2286 3213 2389 3246 Paten-
2404 3235 2444 3260 No
2474 3236 2520 3266 71·

1327 3263 1367 3286 tes
1389 3255 1424 3285 de
1446 3255 1646 3292 presentatione
1664 3254 1699 3285 ad
1722 3254 1891 3284 Rectoriam
1908 3253 1943 3284 de
1959 3256 2118 3290 Leverton,
2136 3252 2266 3283 Diocelis
2279 3255 2391 3283 Lincol-
2449 3252 2455 3259 '
2511 3250 2520 3261 ⁴

1327 3297 1389 3331 nie,
1408 3302 1457 3331 per
1474 3303 1600 3324 mortem
1615 3294 1703 3323 ultimi
1716 3292 1917 3323 incumbentis
1930 3293 2036 3322 ibidem
2050 3292 2107 3329 jam
2123 3301 2287 3328 vacantem,
2306 3294 2338 3323 &
2354 3293 2389 3323 ad

1328 3333 1458 3363 nostram
1480 3332 1714 3370 presentationem
1739 3331 1824 3367 pleno
1844 3331 1907 3368 jure
1934 3330 2106 3368 spectantem
2128 3342 2138 3367 3
2174 3329 2210 3360 Et
2228 3330 2389 3369 diriguntur

1329 3372 1366 3401 he
1385 3370 1475 3438 [saltere
1492 3371 1662 3402 Reverendo
1676 3370 1706 3400 in
1720 3368 1838 3400 Christo
1854 3369 1929 3399 Patri
1946 3368 2082 3398 Domino
2096 3367 2236 3407 Johanni,
2246 3369 2389 3399 Limolnie

1331 3409 1356 3441 E
1378 3410 1435 3439 ico
1457 3419 1485 3439 o.

1357 3418 1456 3479 l'Testii
1474 3447 1557 3487 Rege
1575 3445 1649 3485 apud
1668 3443 1927 3485 westmonasterium
1942 3468 1952 3483 ,
1988 3454 2068 3475 nono
2085 3445 2131 3476 die
2149 3445 2310 3476 Decembris.

1364 3534 1479 3566 Thomas
1496 3533 1686 3572 Bullingham‚
1706 3533 1858 3570 Literatus,
1877 3532 1913 3563 Α.
1932 3532 1978 3562 Μ.
1998 3532 2082 3562 habet
2104 3531 2266 3562 consimiles
2282 3530 2388 3562 Literas

1329 3573 1460 3605 Patentes
1484 3573 1520 3603 de
1543 3575 1742 3610 presentatione
1764 3573 1797 3601 ad
1821 3572 1989 3601 Rectoriam
2012 3571 2047 3600 de
2068 3571 2233 3609 Brookfsby‚
2262 3569 2390 3602 Diocesis

1333 3612 1492 3648 Lincolm'e,
1510 3621 1558 3651 per
1575 3621 1699 3641 mortem
1714 3611 1807 3640 ultimi
1823 3609 2019 3639 incumbentis
2032 3609 2137 3638 ibidem
2153 3609 2213 3645 jam
2223 3618 2387 3648 vacantem,

1327 3652 1361 3682 &
1376 3651 1409 3681 ad
1424 3650 1548 3680 nostram
1565 3649 1799 3687 presentationem
1812 3650 1917 3678 ratione
1932 3648 2050 3677 minoris
2067 3648 2145 3677 etatis
2154 3647 2270 3677 Patroni
2285 3645 2387 3677 Eccle-

1328 3689 1414 3726 sie‚de
1429 3687 1578 3726 Brookesby
1593 3688 1732 3725 predicta,
1747 3696 1800 3725 pro
1818 3689 1868 3716 hac
1885 3687 1947 3716 vice
1958 3686 2151 3723 spectantem,
2175 3685 2211 3715 Et
2231 3685 2389 3724 diriguntur

1328 3729 1364 3757 lie
1386 3728 1480 3758 Litere
1501 3726 1673 3757 Reverendo
1688 3727 1716 3756 iii
1735 3724 1855 3756 Christo
1874 3724 1948 3755 Patri
1968 3725 2103 3755 Domino
2122 3723 2254 3762 Jolmnni
2269 3745 2279 3761 ,
2315 3726 2390 3754 Lin-

1325 3765 1409 3796 coln'ie
1422 3764 1572 3806 Episcopo.

1362 3803 1450 3836 Teste
1469 3803 1552 3843 Rege
1571 3803 1646 3840 apud
1666 3801 1924 3841 W'eftmonasterium
1942 3823 1951 3838 ,
1986 3800 2094 3831 οᾶὶανο
2111 3799 2160 3832 die
2184 3799 2333 3838 Januarii.

2400 3557 2449 3584 No.
2468 3560 2512 3588 72.

1366 3891 1497 3922 Robertus
1513 3892 1601 3928 Grey,
1616 3890 1764 3926 Clericus,
1782 3890 1809 3918 in
1827 3887 1942 3918 Artibus
1958 3887 2172 3925 Baccalaureus‚
2192 3887 2279 3918 habet
2294 3887 2386 3917 confi-
2404 3905 2454 3929 No·
2475 3906 2520 3929 ..ᾗ

1331 3932 1410 3961 miles
1427 3930 1531 3958 Literas
1552 3929 1680 3960 Pate-ntes
1695 3929 1730 3957 dc
1747 3927 1950 3965 presentatione
1972 3927 2006 3956 ad
2024 3926 2194 3956 Rectoriam
2210 3926 2246 3956 de
2265 3926 2389 3955 Salmon-
2477 3923 2482 3935 ¹
2496 3931 2500 3935 ’

1330 3972 1363 4008 by
1390 3968 1517 3997 Diocesis
1542 3966 1701 4004 Lincolm‘e,
1730 3977 1778 4003 per
1797 3975 1919 3995 mortem
1942 3964 2036 3995 ultimi
2061 3964 2257 3995 incumbentis
2278 3964 2387 4007 ibidem

1328 4011 1387 4047 jam
1399 4015 1564 4042 vacantem,
1582 4006 1614 4036 δε
1631 4007 1664 4036 ad
1680 4006 1804 4034 nostiam
1821 4004 2055 4041 presentationem
2075 4004 2182 4034 ratione
2198 4004 2315 4032 minoris
2333 4010 2390 4031 eta-

1331 4049 1369 4078 tis
1379 4045 1498 4076 Patroni
1519 4043 1645 4075 Ecclelie
1659 4042 1695 4074 de
1711 4043 1853 4082 Salmonby
1867 4041 2012 4081 prcdiCta,
2035 4042 2091 4073 hac
2112 4042 2177 4073 vice
2200 4040 2398 4109 spee‘XantemE}
