2536 4255
51 238 131 270 Arm.
149 236 189 268 D.

74 277 160 316 1630.

55 320 110 343 Ae.
131 318 157 342 ό.

57 358 120 381 Ου’.
143 362 168 380 ¹.

59 444 108 467 No.
127 448 175 474 50.

64 753 114 780 No.
127 758 175 785 49.

69 1095 118 1122 No.
132 1090 180 1127 48.

70 1440 120 1467 No.
132 1442 182 1475 47.

71 1792 120 1817 Nc.
138 1789 184 1823 46.

71 2171 120 2197 No.
138 2175 186 2203 45.

72 2825 92 2844 *²
104 2827 187 2854 xix.

74 2870 138 2900 2⁶4-

75 2946 124 2972 Nv·
136 2950 184 2980 43-

80 3331 129 3355 No.
142 3334 190 3362 42·

87 3665 138 3693 No.
151 3670 199 3698 4¹·

88 4004 139 4034 No.
154 4013 202 4043 40.

214 157 286 196 168

207 242 273 271 timi
290 237 486 270 incumbentis
503 235 608 267 ibidem
622 236 681 273 jam
695 241 864 272 vacantem,
882 234 916 266 δε
928 233 964 264 ad
979 233 1106 265 nostram
1128 232 1268 272 presenta-

209 280 318 310 tionem
336 277 419 311 pleno
435 277 493 312 jure
515 275 703 314 spefhntem,
721 273 759 304 Et
775 274 932 312 diriguntur
951 271 989 303 he
1008 272 1101 304 Litere
1118 273 1267 304 Reveren-

209 320 248 348 do
265 319 294 347 in
314 313 433 346 Christo
452 313 526 343 Patri
547 313 680 342 Domino
699 312 837 349 Ricardo,
855 314 1002 342 Wintonie
1019 311 1174 349 Episcopo.

244 354 330 386 Teste
343 353 427 391 Rege
440 351 514 389 apud
529 350 803 391 Wstmonasteri'um,
823 351 909 381 tertio
926 350 972 380 die
990 351 1165 380 Novembris.

248 427 406 460 Nathaniel
418 429 542 466 Ducket,
558 427 687 458 Clericus
701 450 710 465 ,
736 429 765 458 in
787 427 900 459 Artibus
918 427 1073 466 Magister,
1091 427 1176 456 habet
1196 434 1269 454 con-

212 470 313 500 similes
339 468 443 497 Literas
466 467 595 497 Parentes
621 468 656 497 de
682 467 884 505 presentatione
912 467 945 497 ad
973 466 1115 497 Vicariam
1133 464 1168 494 de
1183 467 1270 508 ⁴§Jtan-

211 506 280 537 wcll
290 529 299 544 ,
330 505 460 536 Diocesis
478 506 586 535 London
601 528 611 543 ,
630 515 679 542 per
698 515 821 536 mortem
839 507 929 536 ultimi
945 504 1141 547 lncumbentis
1162 502 1268 532 ibidem

207 548 267 584 jam
286 554 453 580 vacantem,
470 544 501 574 ὅ(
520 544 554 575 ad
574 544 703 575 nostram
721 545 956 582 presentationem
970 544 1056 581 pleno
1066 552 1128 579 jure
1143 540 1271 585 speetatr-

212 593 291 621 tem,
310 583 347 614 Et
365 583 518 621 diriguntur
544 583 581 612 lie
608 583 704 614 Litere
729 582 905 614 Reverendo
924 584 953 612 in
972 580 1092 612 Christo
1112 581 1188 611 Patri
1206 578 1272 608 Do-

214 623 296 652 mino
317 621 486 659 Willielmo‚
502 622 616 651 London
632 621 786 660 Episcopo.

250 660 340 691 Teste
359 659 442 700 Rege
459 660 532 697 apud
551 660 823 700 Wistmonasterium,
837 658 1010 689 duodecimo
1028 658 1074 688 die
1092 655 1269 687 Novembris.

248 736 405 780 Francifius
423 740 536 774 Cooper,
555 737 703 775 Clericus,
722 736 807 767 Sacre
821 735 987 772 Theologie
998 734 1203 772 Baccalaurius,
1222 735 1271 765 ha-

212 776 260 806 bet
278 776 437 805 consimiles
456 776 559 806 Literas
580 775 707 806 Parentes
724 776 759 805 de
779 774 979 811 presentatione
995 774 1029 804 ad
1049 773 1218 804 Recsoriam
1236 774 1273 803 de

214 813 425 853 Chellrsworth‚
445 814 576 845 Diocesis
594 816 735 851 Norwici,
754 823 801 849 per
822 821 946 842 mortem
962 812 1054 842 ultimi
1077 811 1274 843 lncumbentis

215 853 323 883 ibidem
341 855 398 891 jam
418 861 585 890 vacantem,
604 853 637 883 &
656 853 690 882 ad
709 852 833 881 nostram
854 851 1088 887 presentationem
1107 850 1192 887 pleno
1207 852 1272 889 jure

216 892 407 929 spectantem,
427 891 463 921 Et
482 891 640 928 diriguntur
658 892 691 919 lie
712 890 805 919 Litere
824 888 998 919 Reverendo
1013 889 1042 918 in
1060 888 1179 919 Christo
1199 889 1273 920 Patri

216 929 351 961 Domino
369 928 524 969 Francisco,
543 932 670 959 Norwici
683 927 835 964 Episcopo.

216 1007 233 1037 b
254 968 345 999 Teste
363 967 445 1008 Rege
461 968 536 1007 apud
556 967 822 1007 westmonasterium,
840 965 1073 1004 decimo-quinto
1089 965 1135 997 die
1149 967 1275 996 Novem-

236 1017 282 1038 715·

251 1083 366 1115 Thomas
384 1087 461 1115 Hurt
474 1108 483 1121 ,
506 1083 634 1114 Clericus
647 1104 656 1119 ‚
675 1081 760 1112 Szicrc
779 1081 944 1120 Theologie
960 1080 1166 1120 Baccalaurius,
1184 1081 1272 1113 habet

215 1124 376 1155 consimiles
401 1123 505 1152 Literas
536 1121 660 1151 Parentes
685 1121 720 1150 de
746 1120 947 1159 presentatione
980 1119 1015 1150 ad
1038 1119 1212 1151 Retstoriam
1237 1121 1274 1150 de

218 1162 361 1200 Methinge
374 1185 383 1199 ,
409 1160 537 1191 Dioceiis
556 1158 717 1199 Cir-estrenfis
733 1183 742 1196 ,
759 1169 807 1196 per
827 1167 950 1189 mortem
970 1159 1062 1188 ultimi
1080 1158 1275 1190 lncumbentis

217 1200 324 1231 ibidem
345 1201 404 1238 jam
424 1207 572 1230 vacantem
587 1222 596 1235 ,
615 1200 647 1228 ἃ
664 1199 697 1227 ad
717 1197 842 1227 nostram
863 1197 1094 1234 presentationem
1114 1197 1199 1235 pleno
1212 1198 1275 1234 jure

213 1242 223 1270 ί
247 1239 404 1276 mantem,
423 1237 461 1267 Et
479 1237 635 1274 diriguntur
653 1237 690 1266 he
712 1236 804 1267 Litere
823 1235 996 1267 Reverendo
1014 1237 1044 1266 in
1064 1235 1182 1267 Christo
1202 1235 1275 1266 Patri

252 1279 355 1307 omino
372 1275 502 1313 Ricardo,
519 1275 680 1316 Cicestrienfi
693 1275 848 1312 Episcopo.

217 1353 234 1384 b
253 1316 342 1346 Teste
365 1315 447 1354 Rege
471 1313 544 1352 apud
565 1313 823 1353 westmonasterium
836 1336 846 1351 ‚
865 1312 1072 1344 decimo-sexto
1089 1313 1135 1344 die
1151 1315 1276 1344 Novem-

235 1365 281 1383 7⁴15-

256 1432 335 1460 Haut
359 1434 438 1469 Wyat
453 1452 462 1467 ‚
485 1426 612 1458 Clericus
626 1451 635 1466 ,
657 1428 743 1459 habet
768 1429 927 1459 consimiles
955 1429 1061 1460 Literas
1086 1428 1216 1460 Parentes
1239 1429 1275 1461 de

219 1469 419 1508 presentatione
445 1468 479 1498 ad
505 1467 651 1504 Capellam
675 1467 711 1497 de
737 1466 860 1507 Mcrston
877 1491 887 1505 ,
913 1468 1045 1498 Diocesis
1062 1467 1210 1508 Roffimfis,
1226 1478 1276 1507 per

219 1517 343 1538 mortem
369 1507 460 1537 ultimi
488 1505 683 1537 lncumbentis
710 1507 815 1536 ibidem
838 1507 896 1543 jam
916 1515 1090 1543 vacantem,
1117 1507 1151 1536 &
1167 1507 1202 1536 ad
1221 1517 1276 1537 no-

217 1547 299 1576 stram
325 1546 557 1582 presentationem
585 1545 670 1579 pleno
691 1545 755 1582 jure
780 1545 976 1582 spectantem,
1002 1543 1040 1575 Et
1065 1543 1221 1583 diriguntur
1239 1547 1278 1577 he

217 1585 310 1615 Litere
328 1583 499 1614 Reverendo
516 1585 543 1612 in
564 1582 681 1613 Christo
702 1583 777 1614 Patri
793 1583 926 1614 Domino
952 1582 1084 1621 Johanm·
1101 1583 1218 1625 Roffinfi
1235 1584 1278 1614 E-

228 1629 293 1652 wzico
315 1633 343 1652 0.

218 1634 233 1661 L
251 1632 343 1738 {gite
367 1660 450 1700 Rege
474 1659 547 1698 apud
566 1659 817 1698 westmonasterium
835 1683 844 1698 ,
867 1660 1128 1692 vicesimo-octavo
1146 1660 1193 1692 die
1212 1664 1279 1691 Au-

214 1712 250 1738 gu
261 1719 266 1727 ι
274 1712 292 1729 1.

255 1775 415 1806 Niirhaniel
428 1775 530 1813 Flr‘cke,
551 1774 698 1811 Clericus,
715 1774 800 1806 Sacre
818 1774 983 1815 Theologie
1001 1775 1213 1815 Baccalaurius,
1231 1778 1281 1807 ha-

219 1816 267 1845 bet
286 1816 447 1845 consimiles
469 1815 571 1845 Literas
591 1814 717 1844 Parentes
735 1813 772 1843 de
791 1815 991 1851 presentatione
1008 1814 1042 1844 ad
1062 1814 1229 1846 Restoriam
1243 1817 1279 1846 de

219 1854 430 1891 Hardingham,
450 1852 577 1883 Diocesis
596 1855 720 1881 Norwici
732 1875 743 1890 ‚
761 1853 816 1888 jam
835 1853 972 1892 legittime
991 1854 1025 1884 ὃ(
1044 1852 1080 1882 de
1095 1854 1157 1890 jure
1177 1864 1280 1884 vacan-

219 1900 280 1922 tem
295 1915 304 1930 ,
332 1895 364 1923 &
388 1894 421 1922 ad
449 1891 574 1921 nostram
599 1891 835 1928 presentationem
862 1893 916 1921 sive
935 1901 982 1930 per
1002 1891 1125 1928 Lapsum
1145 1895 1280 1930 temporis

218 1931 276 1961 sive
294 1941 342 1967 per
360 1931 523 1968 pravitatem
544 1930 675 1960 Simonie
702 1930 755 1959 hac
777 1930 838 1959 vice
854 1930 1048 1968 spe&antem;
1067 1929 1103 1959 Et
1121 1931 1279 1970 diriguntur

218 1970 255 1999 lie
277 1969 367 2000 Litere
387 1968 561 1998 Reverendo
579 1970 607 1998 in
627 1968 743 1998 Christo
763 1967 836 1998 Patri
858 1969 989 1999 Domino
1013 1969 1152 2007 Francisco
1168 1993 1178 2007 ,
1204 1972 1281 2000 Nor-

219 2011 300 2044 ·wxi,
319 2007 474 2044 Episcopo.

256 2045 345 2114 Tbeste
372 2045 454 2084 Rege
478 2045 551 2082 apud
579 2043 839 2084 Wstmonasterium
854 2067 863 2082 ,
885 2044 1122 2078 decimo-octavo
1147 2046 1192 2080 die
1220 2050 1282 2078 No-

213 2094 275 2114 vem
295 2095 340 2114 rss.
518 2089 525 2094 ’

253 2160 370 2199 Jacob-us
387 2162 504 2199 Starky‚
524 2160 667 2198 Clericus,
686 2162 714 2191 in
735 2160 849 2193 Artibus
868 2161 1025 2202 Magister,
1040 2164 1126 2195 habet
1143 2164 1281 2196 consimi-

218 2200 256 2231 ies
288 2201 391 2230 Literas
416 2201 546 2230 Parentes
569 2200 604 2230 de
633 2201 836 2237 presentatione
859 2202 893 2231 ad
922 2202 1062 2233 Vicariam
1089 2203 1125 2233 de
1149 2204 1279 2243 Preston,

219 2238 351 2269 Diocesis
378 2238 474 2277 Cesti-ie
492 2261 500 2276 ,
521 2239 582 2276 jam
602 2238 738 2276 legittime
759 2241 791 2271 δε
809 2240 844 2270 de
854 2241 916 2277 jure
935 2251 1100 2280 vacantem,
1120 2242 1152 2272 &
1171 2238 1205 2272 ad
1225 2253 1280 2273 no-

217 2277 302 2308 stram
320 2277 554 2315 presentationem
574 2278 682 2307 ratione
702 2278 836 2315 utlagarie
853 2279 969 2308 Patroni
988 2279 1112 2310 Ecclesie
1129 2303 1138 2319 ‚
1158 2281 1215 2311 sive
1231 2291 1279 2318 per

220 2315 345 2355 Lapsum
363 2317 499 2353 temporis
518 2315 575 2345 sive
595 2325 643 2353 per
661 2317 829 2353 pravitatem
847 2316 977 2348 Simonie
996 2318 1050 2348 hac
1069 2319 1134 2349 vice
1153 2319 1279 2356 spestan-

219 2363 296 2392 tem,
316 2354 353 2384 Et
371 2354 527 2392 diriguntur
552 2355 589 2383 he
616 2355 710 2384 Litere
730 2355 904 2387 Reverendo
924 2357 955 2386 in
975 2356 1094 2388 Christo
1114 2358 1191 2388 Patri
1211 2358 1279 2388 Do-

217 2393 299 2422 mino
319 2392 454 2430 Johanni,
473 2391 610 2431 Cestrienfi
630 2392 784 2431 Episcopo.

253 2426 340 2499 Tbeste
360 2430 440 2470 Rege
459 2431 534 2469 apud
551 2430 813 2471 westmonasterium
827 2455 837 2471 ,
862 2432 1137 2465 vicesimo—secundo
1152 2435 1197 2467 die
1219 2438 1278 2466 No-

217 2479 280 2498 vem
299 2480 343 2498 ris.

257 2548 383 2589 Georgius
410 2546 587 2585 lVillcocksbn
602 2571 611 2584 ‚
636 2546 789 2587 Clericus,
815 2549 844 2578 in
871 2549 986 2579 Artibus
1016 2549 1151 2588 Magister
1168 2572 1178 2587 ,
1196 2549 1280 2580 habet

219 2585 380 2614 consimiles
400 2585 506 2615 Literas
530 2587 660 2616 Patentes
680 2587 715 2617 de
733 2588 934 2624 presentatione
960 2588 993 2618 ad
1016 2588 1181 2619 Redtoriam
1202 2591 1280 2619 tertie

218 2621 303 2664 partis
327 2622 361 2651 de
387 2622 502 2660 Clipston
518 2645 526 2660 ,
553 2623 683 2654 Diocesis
703 2625 913 2666 Petrikurgenfis
929 2650 938 2663 ,
961 2628 1020 2664 jam
1039 2627 1177 2665 legittime
1195 2630 1227 2659 δε
1242 2628 1279 2658 de

216 2669 280 2698 Jure
299 2669 466 2697 vacantem,
483 2661 516 2691 &
534 2661 567 2691 ad
584 2662 707 2691 nostram
725 2665 958 2701 presentationem
976 2675 1023 2701 per
1049 2666 1213 2701 pravitatem
1233 2665 1278 2695 Si-

218 2699 316 2729 monie
339 2698 395 2729 sive
419 2708 467 2742 per
493 2699 613 2737 Lapsurn
639 2703 774 2737 temporis
794 2702 849 2731 hac
868 2702 934 2732 vice
952 2701 1141 2741 specstantcmg
1157 2703 1194 2734 Et
1213 2704 1280 2733 diri-

218 2745 325 2774 guntur
343 2737 377 2767 he
400 2736 495 2767 Litere
514 2737 686 2781 Reverendo
711 2740 740 2768 in
765 2738 884 2770 Christo
912 2739 989 2770 Patri
1008 2740 1140 2770 Domino
1160 2742 1278 2771 lis'r'llrel-

218 2786 276 2832 Μέ-
283 2774 490 2880 ἒῗέῇιέκὲἑέζ
508 2775 861 2853 ξξὲὲῗῖἓβηιοηαίῖενὶωη
874 2838 884 2854 ,
903 2816 1140 2848 vicesimo-tertio
1157 2817 1201 2848 die
1216 2819 1280 2847 No-

218 2862 280 2882 vem
301 2862 347 2881 ris.

257 2927 396 2958 Rolandus
413 2928 530 2968 Crosby,
549 2928 698 2968 Clericus,
718 2931 745 2958 in
766 2929 880 2961 Artibus
904 2929 1059 2969 Magister,
1078 2933 1165 2963 habet
1182 2932 1278 2964 consi-

221 2968 301 2997 miles
323 2967 431 2997 Literas
456 2967 586 2998 Patentes
603 2967 640 2997 de
666 2969 866 3006 presentatione
889 2969 923 2999 ad
946 2971 1114 3001 Rettoriam
1138 2973 1173 3002 de
1191 2973 1279 3001 Leck-

220 3005 350 3045 hampton
367 3027 376 3043 ,
403 3005 532 3035 Diocesis
550 3005 709 3045 Gloucestrie
722 3031 730 3043 ,
753 3008 808 3044 jam
833 3007 973 3044 legittime
991 3010 1025 3040 ὃς
1045 3008 1081 3039 de
1094 3010 1156 3046 jure
1176 3020 1278 3040 vacan-

220 3052 298 3083 tem,
312 3045 345 3073 ὃς
363 3044 397 3073 ad
418 3043 542 3075 nostram
562 3044 795 3081 presentationem
815 3046 870 3077 sive
889 3056 939 3083 per
965 3049 1131 3084 pravitatem
1149 3048 1277 3080 Simonie

218 3083 276 3114 sive
302 3092 352 3127 pei·
378 3082 502 3120 Lapsum
529 3084 666 3120 temporis
690 3084 744 3114 hac
763 3085 828 3114 vice
846 3085 1038 3123 spectantem3
1066 3085 1103 3116 Et
1122 3087 1281 3124 diriguntur

220 3121 270 3198 hest
279 3119 568 3189 LiteEresReverendo
592 3124 622 3151 in
638 3120 758 3153 Christo
783 3122 859 3153 Patri
880 3123 1013 3153 Domino
1028 3123 1178 3163 Godfrido,
1196 3126 1281 3157 Glau-

221 3171 248 3189 ce
272 3169 310 3189 rie
357 3169 383 3196 pi
397 3169 434 3189 co
478 3183 484 3189 .

222 3197 347 3266 &Teste
364 3168 537 3237 Regep‘ipud
556 3196 829 3238 westmonasterium,
847 3199 1075 3232 vicesimo-sexto
1089 3201 1135 3233 die
1154 3204 1282 3232 Novem-

257 3246 288 3266 is.

260 3312 392 3343 Robertus
413 3312 526 3352 Bostoeh
540 3336 550 3351 ,
575 3311 707 3344 Clericus
721 3338 730 3349 ,
750 3315 778 3343 in
796 3314 911 3344 Artibus
932 3313 1088 3354 Magister,
1106 3316 1190 3348 habet
1209 3327 1284 3347 con-

221 3350 320 3381 similes
339 3351 446 3382 Literas
463 3352 592 3383 Patentes
609 3352 644 3382 de
663 3352 864 3389 presentatione
882 3353 915 3383 ad
934 3353 1098 3384 Rectoriam
1124 3356 1160 3384 de
1181 3359 1282 3385 Motis-

219 3388 289 3430 font
305 3413 315 3427 ‚
342 3390 406 3420 alias
427 3390 593 3429 Mottisfont
608 3415 618 3428 ‚
643 3390 774 3421 Diocefis
793 3394 955 3428 Wintonie,
969 3393 1028 3429 jam
1044 3393 1180 3430 legittime
1199 3394 1229 3424 S<
1249 3395 1285 3424 de

221 3430 283 3466 jure
302 3437 453 3459 vacantem
468 3452 478 3466 ,
500 3432 533 3460 &
552 3429 586 3459 ad
605 3429 728 3459 nostram
750 3430 982 3466 presentationem
1001 3440 1049 3468 per
1069 3432 1190 3468 Lapsum
1210 3441 1284 3462 tem-

224 3468 301 3504 poris
328 3467 382 3496 hac
402 3468 467 3497 vice
484 3467 657 3504 sper-[tantem
674 3478 684 3506 3
708 3467 746 3498 Et
769 3468 925 3506 diriguntur
945 3468 980 3498 he
999 3469 1093 3500 Litere
1113 3470 1285 3501 Reverendo

225 3506 255 3535 in
274 3504 395 3535 Christo
415 3504 490 3535 Patri
509 3505 647 3536 Domino
664 3506 797 3542 Ricardo,
814 3508 957 3536 Wintonie
975 3506 1129 3546 Episcopo.

227 3580 244 3611 b
263 3543 353 3588 Teste
370 3542 453 3584 Rege
473 3543 547 3582 apud
567 3543 842 3585 Wstmonasterium,
861 3545 1086 3577 vicesimo-sexto
1100 3546 1145 3578 die
1157 3548 1284 3577 Novem-

245 3592 290 3612 ΠΙ.

265 3659 391 3696 Georgius
411 3661 511 3689 Seaton
525 3681 534 3697 ,
558 3658 687 3691 Clericus
703 3682 712 3698 ‚
735 3659 820 3690 Sacre
836 3659 1001 3699 Theologie
1018 3660 1181 3699 Profeffor,
1200 3662 1284 3693 habet

230 3696 389 3728 consimiles
419 3697 526 3727 Literas
560 3697 688 3729 Parentes
711 3699 748 3728 de
772 3698 972 3736 presentatione
996 3699 1029 3728 ad
1058 3698 1225 3730 Rectoriam
1249 3700 1286 3730 de

232 3732 320 3771 Bushe
350 3757 360 3772 ,
385 3734 516 3768 Diocesis
533 3736 651 3766 London
664 3760 674 3775 ‚
695 3737 756 3775 jam
774 3737 912 3776 legittime
932 3737 964 3767 &
983 3736 1019 3767 de
1034 3737 1097 3774 jure
1116 3746 1284 3776 vacantem,

233 3772 268 3802 &
291 3781 306 3799 a
351 3772 475 3803 nostram
504 3774 737 3810 presentationem
763 3785 812 3814 per
828 3776 993 3812 pravitatem
1010 3774 1140 3806 Simonie
1159 3775 1216 3806 sive
1235 3786 1285 3813 per

233 3809 354 3846 Lapsum
378 3812 514 3849 temporis
534 3813 587 3844 hac
607 3815 671 3843 vice
687 3813 885 3852 spe&antem5
908 3812 945 3843 Et
963 3813 1116 3853 diriguntur
1133 3814 1170 3844 lie
1189 3814 1286 3845 Litere

231 3846 402 3915 lsleverendo
426 3851 455 3879 in
482 3849 600 3881 Christo
627 3850 698 3882 Patri
725 3851 860 3883 Domitio
880 3850 1031 3882 Willielmo
1045 3876 1055 3890 ,
1080 3852 1195 3883 London
1214 3852 1286 3891 Epi-

246 3893 334 3920 copo.

269 3920 360 3953 Teste
376 3921 457 3963 Rege
474 3925 548 3963 apud
567 3926 839 3967 Westmonasterium,
857 3929 952 3966 primo
967 3928 1013 3959 die
1030 3929 1192 3959 Decembris.

265 3998 399 4043 1Κιιόενξισ
415 4002 541 4038 Mercer,
559 4001 704 4040 Clericus,
723 4005 751 4033 in
771 4004 888 4035 Artibus
907 4004 1046 4043 Magister
1061 4029 1071 4042 ,
1087 4006 1173 4036 habet
1191 4005 1284 4036 confi-

234 4038 314 4071 miles
332 4037 438 4070 Literas
453 4037 586 4070 Parentes
603 4040 639 4069 de
657 4041 863 4079 presentatione
887 4042 920 4074 ad
940 4044 1083 4076 vicariam
1100 4044 1138 4076 de
1153 4041 1284 4082 Shalflee-

652 144 1418 191 CONVENTIONES
1482 143 1869 195 LITERAE,

1309 241 1353 271 te,
1373 232 1504 263 Diocesis
1523 233 1668 264 Wintom'e
1682 255 1692 271 ,
1721 241 1769 270 per
1791 238 1917 262 mortem
1942 228 2034 260 ultimi
2052 228 2246 266 lncumbentis
2260 233 2367 267 ibidem
2387 231 2464 264 Ann.
2476 226 2536 270 DJ?

1309 319 1388 347 tem,
1407 309 1444 339 Et
1464 309 1620 349 diriguntur
1645 310 1684 340 he
1712 309 1806 340 Litere
1831 307 2002 339 Reverendo
2026 309 2057 338 in
2075 307 2194 341 Christo
2211 310 2288 343 Patri
2305 311 2370 343 Do-
2384 314 2440 339 An.
2455 313 2485 340 6.

1310 348 1392 378 mino
1410 348 1542 386 Ricardo,
1561 351 1708 379 Wintonie
1727 347 1879 385 Episcopo.

1345 385 1436 417 Teste
1452 385 1536 425 Rege
1553 387 1627 424 apud
1646 385 1924 425 Wstmonasterium,
1938 385 2014 417 serito
2033 385 2080 417 die
2095 386 2260 417 Decembris.

1349 463 1482 492 Henricus
1496 461 1658 500 Valentine‚
1675 461 1824 500 Clericus,
1841 463 1871 492 in
1892 463 2008 494 Artibus
2029 463 2182 503 Magister,
2198 465 2284 495 habet
2299 473 2375 494 con-

1313 500 1414 532 similes
1434 501 1539 531 Literas
1557 501 1688 532 Patentes
1706 500 1742 530 de
1759 502 1962 538 presentatione
1980 501 2014 531 ad
2028 501 2171 532 Vicariam
2184 504 2220 534 de
2239 501 2376 542 Depford,

1313 538 1444 570 Diocefis
1461 539 1608 578 Rofflnfis,
1625 539 1685 577 jam
1704 547 1872 577 vacantem,
1890 540 1924 569 &
1940 539 1974 569 ad
1993 540 2119 571 nostram
2136 541 2374 579 presentationem

1312 588 1488 617 quocunque
1506 577 1598 608 modo
1616 577 1808 615 spe&antem;
1827 576 1864 606 Et
1882 578 2041 615 diriguntur
2059 579 2096 609 he
2113 579 2207 610 Litere
2226 581 2377 612 Reveren-

1311 619 1351 648 do
1370 618 1401 647 in
1420 615 1540 646 Christo
1559 616 1635 647 Patri
1651 616 1787 646 Domino
1802 614 1947 653 Johanni,
1961 616 2079 656 Roffenfi
2094 617 2248 658 Episcopo.

1349 654 1440 686 Teste
1458 654 1541 694 Rege
1556 654 1631 692 apud
1649 653 1925 693 Wstmonasterium,
1943 654 2049 685 odtavo
2067 655 2112 686 die
2130 658 2294 688 Decembrsc.

2390 478 2440 504 ΝΟ·
2461 475 2508 511 393

1349 731 1502 770 Stephanus
1517 729 1678 768 Boughton,
1697 730 1845 768 Clericus,
1863 732 1892 760 in
1903 731 2019 761 Artibus
2033 730 2188 771 Magister,
2205 734 2291 765 habet
2306 743 2380 766 con-
2396 745 2445 771 No,
2465 739 2509 779 38.

1312 771 1413 801 similes
1434 770 1538 814 Literas
1556 770 1687 816 Parentes
1703 770 1743 813 de
1759 770 1961 815 presentatione
1977 769 2010 799 ad
2030 768 2201 813 Resstoriam
2217 773 2254 803 de
2271 773 2382 803 Broad-
2499 799 2501 801 .

1314 808 1949 887 32²0&205{ssesssstgsz‘gsa³ffe.¹ig;3s¹ffl?
1959 809 2379 887 .{‘m‘3{.i2¹‘s5.{²{²22‘{‘5¹231335

1313 895 1374 917 tem
1393 886 1521 929 Simonie
1539 885 1592 928 hac
1611 886 1674 914 vice
1692 885 1889 929 speirantem3
1916 885 1952 916 Et
1967 886 2126 924 diriguntur
2145 887 2181 917 he
2200 887 2296 919 Litere
2315 888 2378 918 Re-

1315 924 1442 956 verendo
1458 934 1487 954 in
1506 921 1626 953 Christo
1644 922 1722 952 Patri
1742 922 1876 953 Domino
1892 924 2016 960 Johanni
2031 947 2042 963 ,
2062 928 2206 962 Wigornie
2225 925 2378 965 Episcopo.
2429 950 2435 957 .

1315 1002 1331 1032 b
1352 962 1443 1009 Teste
1461 962 1543 1001 Rege
1560 961 1634 1000 apud
1654 960 1915 1001 Wstmonasterium
1930 985 1941 1001 ,
1967 963 2179 995 decimo—tertio
2203 964 2250 996 die
2268 968 2380 995 Decem-

1334 1011 1378 1032 τις.

1356 1076 1556 1148 ΰὴνὶξορὺενω
1574 1079 1688 1116 Porter,
1707 1076 1793 1108 Sacre
1811 1077 1975 1116 Theologie
1991 1075 2134 1109 Professor
2151 1102 2160 1117 ,
2184 1079 2270 1113 habet
2288 1081 2382 1113 consi-
2399 1087 2449 1113 No.
2467 1087 2511 1122 37:

1319 1118 1398 1148 miles
1447 1119 1525 1147 iteras
1543 1115 1672 1148 Parentes
1688 1115 1725 1146 de
1742 1116 1946 1154 presentatione
1963 1115 1998 1146 ad
2017 1115 2184 1148 Rectoriam
2200 1119 2236 1150 de
2247 1119 2385 1160 Binfeild,

1321 1156 1453 1187 Diocesis
1471 1160 1569 1186 Sarum
1581 1178 1590 1193 ,
1608 1165 1658 1192 per
1677 1163 1803 1186 mortem
1821 1155 1913 1185 ultimi
1932 1154 2126 1186 lncumbentis
2143 1156 2248 1187 ibidem
2258 1159 2316 1195 jam
2331 1169 2384 1191 va-

1319 1204 1432 1226 cantem
1451 1218 1460 1233 ,
1486 1196 1519 1226 &
1545 1193 1579 1224 ad
1601 1193 1726 1224 nostram
1753 1194 1991 1230 presentationem
2016 1193 2102 1230 pleno
2115 1194 2178 1232 jure
2194 1195 2382 1235 spefflantem3

1319 1234 1544 1312 {thdiriguntur
1567 1233 1604 1262 he
1627 1232 1724 1263 Litere
1751 1232 1926 1264 Reverendo
1951 1234 1981 1263 in
2007 1231 2126 1263 Christo
2150 1232 2225 1264 Patri
2246 1233 2384 1266 Domino

1349 1283 1362 1301 O
1383 1283 1452 1301 anm

1355 1310 1446 1342 Teste

1488 1275 1585 1301 Sarum
1603 1269 1758 1308 Episcopo.

1459 1294 1546 1350 kege
1563 1310 1637 1347 apud
1658 1309 1933 1349 Wstmonasterium,
1952 1311 2037 1341 tertio
2053 1309 2099 1341 die
2114 1309 2263 1349 Januarii.

1361 1385 1524 1416 Willielmus
1542 1388 1647 1424 Harey
1662 1409 1672 1424 ,
1699 1385 1830 1417 Clericus
1842 1410 1852 1426 ,
1875 1387 1904 1416 in
1926 1386 2041 1417 Artibus
2059 1387 2254 1419 Baccalaurius
2267 1411 2277 1427 ,
2298 1388 2385 1420 habet

1322 1425 1484 1456 consimiles
1502 1424 1608 1454 Literas
1628 1425 1756 1455 Patentes
1770 1425 1805 1455 de
1823 1425 2032 1456 presentatione
2056 1426 2091 1456 ad
2110 1427 2252 1457 Vicariam
2277 1426 2313 1458 de
2332 1427 2385 1457 El-

1322 1463 1446 1501 lingham
1460 1487 1469 1502 ,
1497 1462 1630 1493 Diocesis
1648 1463 1830 1502 Norwicenfis
1841 1487 1850 1500 ,
1867 1464 1925 1501 jam
1944 1464 2081 1502 legittime
2097 1465 2130 1496 ὃς
2149 1465 2185 1495 de
2198 1466 2263 1503 jure
2280 1475 2384 1497 vacan-

1324 1510 1400 1541 tem,
1418 1503 1452 1533 &
1470 1501 1504 1532 ad
1523 1501 1649 1532 nostram
1666 1502 1900 1539 presentationem
1928 1512 1976 1539 per
1994 1504 2159 1539 pravitatem
2185 1504 2314 1534 Simonie
2332 1505 2386 1534 hac

1323 1541 1389 1571 vice
1407 1542 1598 1579 spectantem:
1620 1539 1658 1570 Et
1677 1540 1834 1578 diriguntur
1850 1541 1888 1570 he
1910 1539 2001 1571 Litere
2020 1541 2194 1573 Reverendo
2214 1543 2245 1572 in
2264 1541 2384 1573 Christo

1324 1579 1401 1610 Patri
1420 1579 1554 1610 Domino
1572 1577 1713 1617 Francfio
1731 1578 1902 1617 Norwirenfi
1919 1578 2070 1616 Episcopo.

1359 1618 1452 1650 Teste
1470 1618 1554 1657 Rege
1568 1617 1642 1655 apud
1662 1616 1936 1658 westmonasterium,
1955 1617 2075 1655 septimo
2089 1618 2135 1649 die
2153 1619 2293 1657 Januariae.

2402 1401 2450 1424 No.
2468 1397 2510 1435 3⁶*

1364 1694 1480 1725 Gabriel
1498 1694 1613 1732 Bridgex
1626 1717 1636 1732 ,
1655 1693 1786 1725 Clericus
1802 1716 1812 1732 ,
1831 1693 1916 1725 Sacre
1934 1693 2098 1732 Theologie
2117 1694 2323 1735 Baccalaurius,
2339 1696 2390 1727 ha-
2406 1704 2454 1729 No.
2472 1708 2485 1737 3
2490 1703 2518 1736 ῖς

1328 1735 1376 1764 bet
1395 1734 1555 1764 consimiles
1578 1734 1683 1763 Literas
1701 1731 1829 1763 Parentes
1848 1733 1883 1762 de
1902 1733 2108 1770 presentatione
2122 1734 2156 1764 ad
2175 1733 2342 1766 Restoriam
2354 1737 2390 1767 de

1330 1772 1514 1802 Nettlccomhe
1525 1795 1534 1809 ,
1552 1771 1683 1802 Diocesis
1702 1771 1895 1810 Bathoniensrs
1916 1768 1954 1806 ὠ
1971 1771 2070 1800 Wellen
2082 1782 2122 1809 ις,
2140 1782 2190 1810 per
2207 1781 2329 1804 mortem
2345 1775 2390 1804 ul-

1328 1813 1391 1842 timi
1411 1811 1607 1842 Incumbentis
1625 1810 1730 1840 ibidem
1748 1811 1805 1848 jam
1826 1819 1975 1841 vacantem
1991 1834 2001 1849 ,
2030 1811 2061 1841 δε
2081 1810 2115 1839 ad
2136 1810 2260 1841 nostram
2279 1812 2390 1849 presen-

1327 1851 1466 1880 tationem
1492 1851 1599 1879 ratione
1622 1849 1743 1879 minoris
1764 1849 1842 1880 etatis
2073 1848 2228 1879 Trevillzan
2252 1849 2390 1888 Armigeri

1328 1888 1446 1918 Patroni
1469 1888 1546 1918 dic'te
1571 1887 1698 1919 Ecclesie
1721 1887 1776 1917 hac
1805 1888 1869 1918 vice
1891 1887 2090 1926 spec'tantem3
2116 1887 2152 1917 Et
2179 1888 2338 1924 diriguntur
2351 1888 2390 1920 he

1329 1927 1426 1957 Litere
1450 1926 1625 1958 Reverendo
1650 1927 1679 1956 in
1705 1925 1823 1956 Christo
1848 1925 1922 1956 Patri
1947 1925 2081 1956 Domino
2108 1926 2268 1965 Framisco‚
2284 1926 2392 1957 Batho-

1328 1965 1413 2004 nienst
1429 1963 1468 2000 ῤ’
1488 1964 1615 2003 Wellenfi
1633 1964 1786 2002 Episcopo.

1342 2013 1346 2019 ·
1366 2004 1456 2036 Teste
1472 2004 1553 2043 Rege
1569 2003 1644 2042 apud
1663 2002 1937 2043 Westmonasterium‚
1956 2003 2192 2041 decimo-quarto
2209 2003 2254 2034 die
2275 2002 2393 2042 Janua-

1327 2054 1371 2075 rll.

1365 2121 1479 2162 lstzacus
1495 2125 1614 2160 Turner,
1634 2119 1761 2152 Clericus
1773 2145 1783 2159 ,
1807 2122 1835 2152 in
1856 2120 1971 2152 Artibus
1990 2120 2195 2158 Baccalaurius,
2213 2121 2299 2151 habet
2317 2130 2390 2152 con-
2405 2129 2454 2154 No.
2478 2130 2536 2163 ζῶ,

1328 2161 1428 2191 similes
1446 2162 1553 2192 Literas
1571 2161 1589 2180 ³*
1611 2160 1740 2191 Patentes
1757 2161 1792 2191 de
1810 2160 2013 2198 presentatione
2027 2160 2061 2190 ad
2079 2160 2246 2190 &storiam
2264 2160 2300 2190 de
2318 2162 2391 2189 Ew-
2427 2164 2447 2183 ἢ
2458 2165 2527 2194 xlx

1328 2199 1403 2240 haist
1415 2223 1424 2237 ,
1453 2199 1584 2230 Diocesis
1600 2202 1740 2229 Wintom‘e
1756 2223 1766 2237 ‚
1792 2209 1842 2238 per
1861 2208 1987 2229 mortem
2009 2199 2100 2229 ultimi
2127 2199 2321 2229 lncumbentis
2340 2199 2393 2228 ibi·
2414 2204 2478 2239 265.

1328 2239 1395 2269 dem
1417 2239 1477 2277 jam
1504 2247 1649 2269 vacantem
1666 2260 1676 2275 ,
1701 2240 1734 2269 &
1761 2238 1795 2268 ad
1823 2237 1947 2268 nostram
1970 2237 2207 2274 presentationem
2233 2238 2319 2273 pleno
2333 2237 2394 2275 jure

1328 2277 1527 2316 specstantem3
1553 2277 1589 2306 Et
1617 2276 1776 2314 diriguntur
1796 2276 1831 2308 he
1848 2277 1944 2307 Litere
1964 2276 2137 2307 Reverendo
2155 2278 2184 2306 in
2205 2274 2323 2306 Christo
2342 2274 2397 2306 Pa-

1329 2318 1365 2347 tri
1383 2316 1519 2346 Domino
1538 2316 1669 2352 Ricardo,
1689 2317 1833 2344 Wintom'e
1852 2314 2005 2354 Episcopo.

1363 2354 1452 2386 Teste
1470 2355 1553 2394 Rege
1572 2353 1645 2392 apud
1666 2353 1925 2392 westmonasterium
1939 2376 1949 2392 ,
1977 2353 2192 2384 decimo-nono
2214 2352 2262 2384 die
2278 2351 2396 2391 Janua-

1327 2404 1372 2423 ru.

1364 2469 1506 2505 ‘Johanues
1528 2468 1631 2506 Weston
1647 2491 1656 2504 2
1675 2467 1826 2507 Clericus,
1841 2470 1869 2499 in
1892 2469 2007 2500 Artibus
2026 2467 2177 2506 Magister,
2196 2466 2279 2497 habet
2297 2465 2390 2497 confi·
2407 2471 2458 2496 No.
2478 2469 2536 2508 3323

1328 2503 1409 2539 miles
1429 2509 1539 2539 Literas
1559 2508 1690 2539 Parentes
1708 2508 1744 2538 de
1762 2509 1967 2545 presentatione
1981 2508 2016 2538 ad
2035 2507 2145 2537 sextam
2164 2504 2341 2536 Prebendam
2358 2505 2391 2535 sr-

1328 2557 1363 2577 ve
1389 2547 1602 2577 Canonicatum
1626 2548 1656 2576 in
1680 2545 1804 2577 Ecclefia
1829 2546 1989 2576 Cathedrali
2012 2543 2212 2584 Petriburgenfi
2223 2567 2233 2582 ‚
2260 2544 2393 2574 Diocefis

1328 2585 1560 2625 Petrihurgenfis,
1574 2586 1632 2623 jam
1647 2585 1783 2620 legittime
1796 2585 1830 2615 &
1847 2585 1883 2614 de
1897 2586 1960 2622 jure
1974 2592 2124 2614 vacantem
2137 2604 2146 2619 ,
2164 2583 2196 2613 ὅ(
2214 2582 2247 2612 ad
2263 2582 2392 2612 nostram

1328 2624 1564 2662 presentationem
1590 2632 1639 2660 per
1669 2622 1792 2660 Lapsum
1821 2623 1954 2660 temporis
1974 2622 2030 2652 hac
2053 2622 2117 2652 vice
2140 2620 2333 2658 specstantem3
2351 2620 2392 2654 Et

1327 2664 1483 2700 diriguntur
1508 2661 1546 2692 he
1573 2662 1668 2692 Litere
1687 2661 1860 2691 Reverendo
1882 2663 1910 2690 in
1935 2659 2055 2690 Christo
2073 2658 2150 2689 Patri
2166 2658 2303 2690 Domino
2320 2663 2354 2688 W
2358 2659 2393 2689 il-

1324 2700 1412 2730 lielmo
1425 2722 1434 2737 ,
1454 2698 1651 2738 Petriburgenfi
1667 2698 1820 2736 Episcopo.

1363 2739 1451 2768 Teste
1471 2738 1552 2776 Rege
1570 2738 1643 2775 apud
1663 2735 1936 2775 westmonasterium,
1952 2736 2090 2767 vicesimo
2106 2734 2152 2765 die
2168 2734 2316 2774 Januarii.

1361 2814 1503 2852 Johannes
1514 2814 1645 2852 Jervice,
1664 2812 1791 2844 ClerIcus
1806 2835 1816 2851 ‚
1833 2812 1862 2842 in
1882 2812 1999 2843 Artibus
2019 2811 2174 2850 Magister,
2191 2812 2278 2843 habet
2296 2810 2390 2844 consi-
2405 2812 2454 2837 No.
2473 2811 2517 2847 ,3²-¹
2527 2811 2536 2855 ’ἔ

1327 2854 1407 2883 miles
1427 2854 1536 2884 Literas
1553 2851 1683 2882 Parentes
1702 2851 1737 2881 de
1755 2851 1958 2890 presentatione
1983 2850 2018 2881 ad
2040 2849 2209 2881 Redioriam
2225 2851 2261 2881 de
2279 2849 2391 2880 North-

1317 2890 1487 2930 fizmbria'ge,
1505 2891 1636 2921 Diocesis
1652 2890 1768 2919 London
1779 2912 1789 2928 ,
1807 2899 1855 2927 per
1871 2898 1996 2920 mortem
2011 2889 2104 2920 ultimi
2122 2888 2319 2920 lncumbentis
2333 2890 2390 2918 ibi-

1325 2931 1391 2961 dem
1415 2931 1473 2968 jam
1498 2938 1647 2960 vacantem
1662 2951 1672 2966 ,
1697 2930 1730 2960 &
1754 2930 1789 2958 ad
1816 2928 1942 2958 nostram
1970 2927 2202 2965 presentationem
2221 2927 2308 2965 pleno
2323 2927 2389 2964 jure

1322 2969 1514 3006 spectantem,
1530 2968 1567 2998 Et
1585 2968 1743 3006 diriguntur
1762 2967 1799 2997 he
1819 2967 1916 2997 Litere
1934 2965 2109 2998 Reverendo
2126 2968 2156 2996 in
2175 2965 2294 2996 Christo
2312 2965 2390 2998 Patri

1325 3007 1460 3038 Domino
1478 3011 1512 3034 W
1515 3006 1642 3042 ilhelmo,
1660 3006 1777 3035 London
1797 3005 1949 3043 Episcopo.

1360 3045 1449 3076 Teste
1468 3045 1550 3084 Rege
1568 3045 1641 3083 apud
1658 3044 1918 3084 Wstmonasterium
1930 3065 1941 3082 ,
1963 3043 2193 3075 vicesimo-sexto
2210 3042 2257 3075 die
2273 3044 2388 3083 Janua-

1324 3095 1368 3114 ru.
2527 3120 2533 3135 Ι

1363 3159 1510 3190 Wiliiei'mo
1530 3159 1675 3197 Dedicote,
1694 3159 1839 3197 Clericus,
1857 3161 1887 3190 in
1908 3159 2024 3190 Artibus
2044 3158 2200 3198 Magister,
2219 3159 2301 3191 habet
2315 3170 2386 3191 con-
2404 3161 2454 3186 No.
2468 3157 2511 3194 3¹³

1326 3199 1426 3230 similes
1452 3199 1558 3228 Literas
1577 3197 1704 3228 Parentes
1727 3198 1764 3228 de
1782 3198 1984 3235 presentatione
2005 3198 2039 3228 ad
2060 3197 2200 3228 Vicariam
2219 3199 2256 3229 de
2279 3198 2386 3229 Alder-

1326 3237 1453 3276 minster,
1470 3236 1600 3267 Diocesis
1620 3239 1778 3273 Wigornie,
1797 3247 1846 3274 per
1865 3245 1991 3267 mortem
2007 3237 2099 3267 ultimi
2118 3236 2316 3268 lncumbentis
2330 3239 2386 3268 ibi-

1325 3277 1393 3306 dem
1416 3276 1476 3312 jam
1501 3283 1649 3305 vacantem
1667 3298 1678 3313 ,
1705 3277 1738 3306 &
1762 3275 1795 3305 ad
1824 3275 1949 3305 nostram
1973 3275 2206 3312 presentationem
2224 3276 2308 3312 pleno
2328 3278 2383 3307 'ure

1324 3313 1513 3351 spee'tantem3
1531 3313 1568 3344 Et
1587 3314 1742 3352 diriguntur
1760 3314 1796 3344 he
1818 3314 1913 3344 Litere
1928 3312 2102 3344 Reverendo
2119 3314 2151 3343 in
2169 3312 2290 3345 Christo
2332 3314 2382 3345 atri

1326 3352 1460 3383 Domino
1482 3351 1620 3388 Johanm‘,
1639 3357 1661 3379 Η
1675 3355 1774 3387 ὶςονηίε
1793 3352 1950 3390 Episcopo.

1358 3390 1448 3420 Teste
1467 3389 1549 3429 Rege
1567 3390 1640 3427 apud
1657 3390 1929 3430 westmonasterium,
1949 3390 2070 3428 septimo
2087 3389 2135 3420 die
2151 3389 2301 3420 Februarii.

1362 3466 1525 3497 Willielmur
1546 3469 1627 3496 Stone
1643 3489 1652 3504 ,
1679 3466 1808 3497 Clericus
1823 3490 1833 3506 ,
1857 3467 1939 3497 habet
1954 3467 2115 3498 consimiles
2131 3466 2238 3497 Literas
2255 3465 2381 3496 Parentes
2397 3462 2446 3487 NJ·
2463 3463 2508 3496 30-¹

1324 3505 1360 3535 de
1381 3505 1583 3542 presentatione
1598 3505 1632 3534 ad
1653 3505 1819 3536 Rectoriam
1845 3506 1880 3536 de
1899 3504 2117 3549 Chelmondqston
2129 3529 2138 3542 ,
2158 3503 2284 3535 Diocefis
2302 3503 2379 3531 Nor-
2527 3518 2529 3520 ·

1326 3544 1445 3582 wicmfis
1461 3567 1471 3580 ,
1497 3553 1545 3580 per
1572 3542 1726 3574 cessionem
1753 3545 1846 3574 ultimi
1873 3544 2071 3574 lncumbentis
2087 3543 2193 3574 ibidem
2203 3544 2261 3580 jam
2277 3549 2379 3570 vacan-

1325 3592 1382 3612 tem
1397 3604 1406 3619 ,
1432 3582 1465 3611 &
1490 3582 1525 3611 ad
1543 3581 1668 3611 nostram
1688 3582 1923 3619 presentationem
1941 3583 2028 3619 pleno
2040 3582 2104 3620 jure
2119 3581 2286 3618 speetantem
2301 3590 2312 3615 :‚
2341 3578 2380 3610 Et

1323 3621 1477 3658 diriguntur
1496 3621 1533 3650 he
1552 3619 1648 3649 Litere
1665 3619 1840 3651 Reverendo
1865 3622 1895 3651 iri
1914 3619 2032 3652 Christo
2050 3620 2126 3650 Patri
2143 3617 2276 3648 Domino
2288 3619 2379 3647 Fran-

1323 3658 1406 3698 cisco,
1425 3656 1598 3697 Norwicenfi
1615 3657 1769 3695 Episcopo.

1362 3695 1453 3726 Teste
1471 3696 1552 3735 Rege
1569 3697 1644 3734 apud
1664 3697 1939 3738 Wstmonasterium,
1958 3695 2132 3727 duodecimo
2148 3692 2195 3722 die
2210 3691 2360 3724 Februarii.

1363 3772 1495 3802 Roberrus
1515 3772 1592 3802 Pake
1604 3796 1613 3810 ,
1631 3772 1760 3804 Clericus
1776 3797 1786 3810 ,
1804 3775 1834 3804 iri
1851 3774 1967 3804 Artibus
1985 3769 2186 3812 Baccalauriu8‚
2203 3768 2288 3800 habet
2306 3781 2381 3802 con·
2396 3770 2445 3795 No.
2463 3770 2505 3801 ²9·

1326 3811 1424 3841 similes
1444 3810 1551 3841 Literas
1566 3812 1697 3842 Patentes
1710 3813 1747 3842 de
1764 3812 1966 3849 presentatione
1981 3809 2014 3838 ad
2031 3807 2196 3850 Rastoriam
2215 3809 2311 3838 San&
2327 3812 2380 3839 Pe·
2526 3815 2528 3820 '

1328 3854 1367 3879 tri
1384 3853 1414 3878 in
1432 3849 1573 3879 Dunwich
1589 3873 1598 3888 ‚
1625 3850 1754 3880 Diocesis
1770 3848 1968 3888 Nowstwfis,
1981 3848 2042 3884 jam
2057 3845 2196 3888 legittime
2214 3848 2248 3877 &
2267 3847 2379 3886 dejure
2408 3849 2413 3852 ’

1326 3896 1478 3919 vacantem
1495 3911 1504 3925 ,
1529 3889 1563 3919 &
1583 3887 1618 3918 ad
1643 3888 1767 3918 nostram
1791 3887 2028 3926 presentationem·
2044 3883 2130 3920 pleno
2144 3893 2202 3921 Jure
2220 3894 2266 3915 aut
2283 3886 2380 3923 aliquo

1324 3927 1378 3957 alio
1402 3935 1520 3964 quocun
1543 3936 1579 3956 ue
1602 3927 1692 3958 modo
1714 3926 1904 3964 spe&antem;
1923 3921 1961 3952 Et
1977 3921 2133 3959 diriguntur
2150 3922 2187 3952 he
2206 3923 2302 3954 Litere
2319 3924 2380 3956 Re-

1323 3966 1450 3996 verendo
1473 3965 1502 3994 in
1550 3964 1638 3995 hristo
1658 3964 1734 3994 Patri
1752 3963 1886 3993 Domino
1900 3958 2039 3998 Francifio
2050 3981 2060 3998 ,
2077 3961 2248 4001 Norwicenfi
2261 3961 2382 4000 Episco-

1307 4014 1309 4016 ·
1322 4013 1372 4044 po.

1360 4040 1451 4076 Teste
1458 4039 1541 4082 Rege
1553 4039 1628 4079 apud
1641 4036 1898 4078 Wstmanasterium
1905 4059 1915 4075 ,
1933 4035 2166 4076 decimo-quarto
2179 4037 2226 4069 die
2233 4038 2381 4115 FehJasfii.

2317 4088 2330 4105 O
2341 4087 2383 4107 tax

1304 273 1368 311 jam
1386 281 1554 310 vacantem,
1572 272 1606 302 δε
1623 272 1658 301 ad
1675 271 1802 301 nostram
1822 269 2055 308 presentationem
2070 271 2157 308 pleno
2166 273 2228 310 jure
2243 274 2371 313 spectan-
2407 272 2496 312 1630.
2534 294 2536 299 .

2534 309 2536 316 ⁴

2386 353 2451 380 Car.
2472 359 2496 378 ι.
2535 362 2536 365 ¹
