2536 4255
81 161 160 194 Ann.
175 159 219 191 D.

106 202 192 238 1625.

81 242 125 267 Aa
160 249 183 266 1.

86 281 153 305 Car.
178 286 201 304 x.

197 1667 205 1677 '
241 1672 289 1694 tua
303 1662 429 1694 Ecclefie
447 1663 618 1694 parochialis
628 1662 663 1692 de
679 1661 824 1691 Arundell
836 1660 956 1691 Dioces'
972 1659 1130 1691 Cicestren'
1145 1662 1154 1698 (

85 1701 229 1730 Oxvlil.

90 1744 154 1778 663.

230 80 280 132 38

238 160 476 240 Ββιέπῆτφεῑίο.
518 154 609 188 Teste
629 154 712 196 Rege
736 154 811 195 apud
832 152 1088 194 Westmmasterium
1104 176 1115 194 ‚
1143 153 1302 187 undecimo

272 211 298 232 le
340 212 403 232 unu.

277 275 387 315 Ifizacm
407 279 503 313 Cooper
521 271 668 310 Clericus,
685 271 720 303 A.
745 271 792 302 M.
817 281 932 302 necnon
955 270 1127 308 Capelianus
1151 270 1305 308 prenobilis

238 315 356 346 Feinine
374 316 466 341 Marie
482 315 609 349 Compton
625 310 780 341 Comitiffe
795 311 830 340 de
846 310 1051 347 Buckingham,
1069 318 1099 340 ut
1107 319 1161 340 una
1172 319 1240 340 cum
1251 309 1305 339 Vi-

239 355 309 383 caria
325 360 455 389 perperna
472 349 600 380 Ecclesie
616 350 787 380 parochialis
799 351 834 380 de
851 349 952 389 Thorpe
970 347 1087 378 Arnold
1099 347 1218 379 Dioces’
1232 350 1305 377 Lin-

237 391 306 420 coln'
326 394 426 426 (quam
438 389 500 426 jam
518 389 640 424 obtinet)
661 389 831 419 Reeroriam
848 387 975 418 Ecclesie
993 387 1170 417 Parochialis
1185 388 1221 416 de
1237 389 1304 427 Wy-

238 429 331 458 verbie
347 427 471 464 ejusdem
490 427 611 458 Dioces'
628 427 733 462 (modo
750 437 809 457 nori
823 426 906 457 distet
921 437 937 456 a
953 425 1066 457 Vicaria
1086 425 1213 462 predststa
1235 425 1306 455 ultra

238 467 296 496 duo
317 465 447 499 Miiiiai’)
465 467 590 504 recipere
606 465 708 505 possit,
728 466 762 496 &
776 465 871 504 quoad
895 465 993 495 vixerit
1010 465 1136 494 retinere.
1171 463 1240 493 Dat’
1256 463 1307 493 de-

236 506 316 535 cimo
329 504 452 541 septimo
468 503 527 534 Die
543 503 651 535 Mensis
663 503 751 543 Junii
770 504 860 535 Anno
877 502 1000 533 Domini
1017 502 1167 532 millesimo
1184 501 1298 532 sexcen—

237 543 340 574 tesimo
359 543 495 573 vicesimo
507 544 618 580 quinto.

275 580 478 659 anfierario.
496 580 585 613 Teste
600 581 683 620 Rege
699 581 773 620 apud
789 578 1069 620 Wstmonallerium,
1088 579 1207 610 decimo
1223 576 1304 608 oera-

236 630 277 650 vo
324 630 349 651 ie
391 631 457 650 urm.

273 696 388 727 Thomas
404 697 484 727 Read
499 696 648 733 Clericus,
667 696 696 727 S.
711 696 750 727 T.
765 695 796 726 B.
815 694 864 727 Ut
884 704 941 725 una
958 703 1028 724 curn
1043 692 1155 724 Vicaria
1170 701 1304 732 perpetua

236 736 364 768 Ecclefie
381 735 551 766 parochialis
564 735 600 765 de
616 735 711 775 Offley
723 735 839 766 Dioces’
855 732 982 764 Lincoln'
995 733 1092 770 (quam
1107 733 1163 769 jam
1178 733 1303 768 obtinet)

237 774 406 806 Redioriam
422 774 547 805 Eccleiie
565 773 738 804 Parochialis
750 774 786 804 de
803 775 896 812 Ayott
911 772 1007 802 saneti
1019 774 1164 800 Laurentii
1177 770 1302 807 ejusdem

235 813 368 851 Dioces')
392 813 483 843 modo
499 823 562 843 non
575 812 659 843 distet
676 824 691 843 a
703 812 815 843 Vicaria
835 810 959 849 predi&
975 810 1047 840 ultra
1060 810 1165 847 septem
1176 808 1302 847 Miiiiaff)

235 853 362 891 recipere
377 851 476 889 poffir,
495 853 528 881 &
546 851 639 890 quoad
654 852 752 882 vixerit
766 851 894 881 retinere.
915 848 985 879 Dat’
1000 848 1136 878 vicesimo
1146 847 1205 878 Die
1215 847 1302 878 Men-

237 891 273 921 sis
287 891 371 928 Junii
386 890 474 921 Anno
490 890 617 921 Domini
634 890 786 920 milleiimo
802 887 1006 919 sexcentesimo
1023 886 1158 917 viceiimo
1183 888 1303 926 quinto,

239 931 273 962 &
289 928 496 960 Transsationis
514 929 602 959 Anno
614 928 730 959 decimo
743 929 846 966 quinto
862 935 893 957 ut
909 926 995 963 supra.

278 967 482 999 Confirmatio.
510 966 601 998 Teste
617 966 701 1007 Rege
715 966 786 1007 apud
802 963 1080 1004 Westmonasterium,
1099 963 1234 995 vicesimo
1243 962 1304 994 Die

242 1006 336 1046 Junii.

274 1084 390 1115 Thomas
412 1083 553 1113 Edwards
576 1081 722 1119 Clericus,
749 1080 786 1111 A.
806 1080 852 1111 M.
872 1090 989 1112 necnon
1013 1079 1180 1117 Capelianus
1204 1078 1302 1111 Reve-

237 1125 317 1155 rendi
341 1125 369 1154 in
393 1122 514 1152 Christo
541 1121 629 1151 Patris
654 1122 688 1152 ὅτ.
712 1119 875 1150 Confratris
895 1119 982 1150 nostri
999 1118 1145 1158 Johannis
1169 1118 1303 1157 Episcopi

233 1162 354 1192 Lincoln‘
370 1160 570 1199 MaguiSigilli
583 1158 689 1196 Anglie
700 1157 833 1196 Custod’,
849 1167 880 1189 ut
896 1168 950 1188 una
962 1167 1033 1188 cum
1048 1158 1186 1189 Rectoria
1201 1157 1301 1188 Eccle-

235 1201 272 1232 sie
290 1201 460 1232 parochialis
476 1200 512 1229 de
527 1196 731 1234 Llaradevaylog
754 1196 871 1227 Dioces'
890 1196 1043 1226 Meneven'
1064 1199 1164 1235 (quam
1179 1197 1236 1235 jam
1250 1197 1305 1226 ob-

237 1241 323 1274 tinet)
343 1239 487 1269 Vicariam
510 1246 674 1277 perpetuam
692 1235 824 1276 Ecclesig⁴
844 1235 1018 1266 Parochiaiis
1039 1235 1076 1265 de
1097 1240 1214 1273 Kington
1233 1243 1303 1265 cum

240 1278 364 1315 Capeliis
382 1278 477 1308 eidem
497 1275 597 1306 annex'
612 1274 728 1305 Dioces’
750 1274 855 1313 Heres’
873 1274 978 1309 (modo
995 1283 1055 1303 non
1069 1274 1175 1305 disteta
1189 1274 1303 1304 Recio-

239 1318 279 1346 ria
296 1317 414 1354 predi&
432 1316 500 1346 ultra
519 1314 686 1352 quindecim
699 1312 828 1351 Milliar')
846 1314 970 1351 recipere
983 1311 1086 1349 possit,
1102 1315 1135 1344 ὃ(
1152 1313 1246 1351 quoad
1261 1313 1304 1342 vi-

240 1357 310 1385 xerit
326 1357 452 1385 retinere.
487 1353 558 1383 Dat'
574 1353 709 1382 vicesimo
723 1353 816 1390 primo
839 1352 898 1381 Die
913 1351 1021 1382 Mensis
1034 1350 1117 1389 Junii
1133 1351 1221 1382 Anno
1241 1350 1304 1381 Do-

242 1395 314 1423 mini
337 1393 488 1423 milieiirno
509 1391 711 1422 sexcentefimo
733 1390 874 1421 viceiimo
895 1391 1017 1428 quinto,
1043 1391 1077 1421 δε
1097 1389 1305 1421 Transsationis

241 1432 331 1462 Anno
346 1432 462 1461 decimo
478 1431 598 1468 quinto,
615 1438 645 1459 ut
657 1429 745 1466 supra.

277 1469 481 1500 Confirmatio.
517 1467 607 1499 Teste
621 1467 702 1508 Rege
717 1467 791 1505 apud
809 1465 1067 1506 westmonasterium
1077 1490 1086 1506 ,
1106 1466 1246 1499 vicesimo
1262 1466 1302 1498 se-

243 1509 341 1539 cundo
358 1507 416 1538 Die
431 1507 528 1546 Junix.

277 1586 390 1616 Thomas
403 1588 448 1616 He
465 1596 513 1624 ney
532 1583 682 1622 Clericus,
701 1582 737 1614 A.
760 1582 808 1613 Μ.
826 1592 942 1614 necnon
962 1581 1132 1622 Capelianus
1152 1583 1308 1622 prenobilis

239 1623 300 1654 Viri
317 1624 416 1654 Thome
466 1625 562 1655 omitis
580 1621 724 1653 Arundell
738 1624 771 1654 &
788 1623 863 1651 Surr’
884 1631 915 1652 ut
933 1632 989 1652 una
1004 1632 1073 1653 cum
1084 1621 1193 1653 Vicaria
1208 1631 1307 1662 perpe-

1178 1671 1244 1692 uam
1261 1671 1308 1692 am

244 1706 262 1721 '³
271 1703 396 1738 obtinet)
407 1702 574 1734 Recioriam
585 1699 711 1730 Eccieiie
718 1699 886 1730 Parochialis
895 1699 931 1729 de
941 1700 975 1727 N
969 1699 1087 1738 ytimber
1101 1699 1163 1738 ejus
1177 1710 1223 1730 em
1231 1671 1310 1730 Dio·

243 1741 299 1773 ceo’
318 1740 423 1778 (modo
439 1751 501 1772 non
517 1739 600 1770 distet
616 1749 631 1769 a
646 1737 758 1769 Vicaria
782 1738 907 1776 predksta
926 1738 998 1769 ultra
1018 1738 1160 1768 sexdecim
1181 1737 1307 1776 Miliiar’)

241 1781 367 1817 recipere
383 1781 485 1818 poffit,
504 1779 538 1810 &
552 1777 647 1816 quoad
664 1778 764 1807 vixerit
779 1777 908 1807 retinere.
946 1776 1013 1806 Dat'
1031 1777 1169 1807 vicesimo
1184 1777 1309 1808 secundo

242 1819 303 1850 Die
312 1818 421 1849 Mensis
436 1819 521 1858 Junii
541 1818 632 1847 Anno
648 1816 798 1846 millefimo
815 1814 1019 1847 sexcentesimo
1035 1816 1175 1847 vicefimo
1190 1817 1308 1855 quinto,

240 1859 273 1890 &
288 1857 496 1889 Transsationis
509 1856 598 1886 Anno
611 1854 729 1885 decimo
746 1855 857 1892 quinto.

276 1895 480 1928 Confirmatio.
518 1894 608 1926 Teste
625 1892 707 1933 Rege
724 1893 799 1931 apud
815 1891 1092 1933 qubmonasterium,
1112 1893 1255 1926 vicesimo
1270 1895 1309 1925 se-

242 1935 344 1967 cundo
360 1934 421 1967 Die
436 1935 532 1976 Junii.

279 2013 437 2046 Edvardus
456 2015 567 2049 Cowper
589 2010 734 2049 Clericus,
751 2009 787 2040 A.
806 2009 853 2040 M.
879 2019 994 2042 necnon
1022 2009 1192 2049 Capelianus
1209 2011 1309 2042 Reve-

241 2052 322 2084 rendi
341 2053 371 2082 in
391 2050 511 2083 Christo
529 2049 616 2081 Patris
637 2051 670 2082 ὅ(
690 2048 849 2080 ConFratris
866 2049 954 2080 nostri
973 2049 1084 2080 Roberti‘
1103 2049 1214 2089 Bristol'
1239 2049 1308 2089 Epi—

243 2093 341 2131 scopi,
359 2098 390 2121 ut
404 2100 459 2122 una
473 2098 543 2120 cum
564 2088 704 2120 Re&oria
721 2087 849 2118 Ecclesie
863 2088 1035 2118 Parochialis
1057 2088 1093 2119 de
1107 2091 1248 2128 Hampton
1260 2095 1310 2119 Lo-

244 2137 310 2161 vett
326 2128 443 2161 Dioces’
462 2128 584 2165 Wigorn'
602 2132 700 2166 (quam
710 2129 770 2166 jam
784 2127 907 2162 obtinet)
924 2125 1095 2158 Restoriam
1113 2127 1239 2158 Eccleiie
1254 2127 1308 2159 Pa-

242 2169 374 2200 rochialis
389 2169 425 2199 de
442 2165 651 2206 Brintfinorton
667 2167 728 2196 alias
739 2165 1075 2203 Birtchmortonejusdem
1085 2165 1214 2204 Dioces’,
1232 2168 1309 2203 (mo-

243 2209 284 2239 do
299 2217 357 2237 non
370 2207 457 2237 distct
471 2216 486 2236 a
504 2207 589 2243 priori
603 2205 673 2236 ultra
692 2204 833 2236 sexdecim
860 2203 986 2239 Milliar’)
1009 2205 1134 2242 recipere
1153 2204 1257 2243 poffit,
1277 2206 1310 2236 &

244 2247 340 2284 quoad
358 2246 458 2277 vixerit
471 2246 598 2276 retinere.
638 2243 706 2274 Dat'
724 2243 862 2274 vicesimo
881 2243 985 2273 oeravo
1008 2242 1068 2273 Die
1085 2243 1192 2273 Meniis
1207 2243 1311 2282 Junii,

245 2285 336 2315 Anno
352 2284 475 2316 Domini
491 2283 644 2313 millesimo
662 2282 866 2313 sexcentesimo
881 2281 1018 2312 vicesimo
1033 2282 1313 2319 quinto,&'rrans-

244 2324 355 2354 lationis
376 2325 463 2353 Anno
486 2323 603 2353 decimo
620 2322 722 2359 quinto
741 2329 770 2350 ut
787 2321 873 2358 supra.

249 2362 508 2439 &ConngJtio‘0
525 2360 614 2391 Teste
632 2359 716 2399 Rege
733 2359 807 2397 apud
827 2358 1102 2398 Welhnonasterium,
1124 2359 1263 2391 vicesimo
1276 2370 1311 2390 o-

282 2412 335 2432 aVO
386 2412 409 2431 lC
451 2411 519 2430 117111.

283 2478 429 2517 ζῖυὲναφηιες
449 2475 567 2516 Philipps
594 2474 745 2513 Clericus,
765 2473 801 2516 A.
825 2473 870 2503 M.
887 2483 1002 2505 necnon
1021 2473 1190 2512 Capelianus
1214 2475 1313 2506 Reve—

247 2519 328 2550 rendi
346 2520 374 2547 in
395 2515 514 2546 Christo
534 2516 622 2544 Patris
641 2515 673 2546 δε
692 2513 850 2555 Contratris
864 2513 952 2542 nostri
975 2512 1115 2542 Valentini
1137 2515 1229 2543 Exon'
1244 2514 1314 2552 Epi-

248 2558 344 2594 scopi,
364 2556 457 2585 urium
471 2563 539 2584 cum
552 2552 688 2582 Redioria
698 2551 825 2583 Eccleiie
834 2550 1004 2581 parochialis
1017 2552 1203 2588 deTorington
1216 2555 1313 2583 Parva

248 2595 369 2627 Dioces'
386 2593 475 2622 Exon'
494 2595 591 2629 (quam
604 2591 665 2629 jam
689 2590 812 2625 obtinet)
835 2589 978 2620 Vicariam
996 2599 1160 2628 perpetuam
1186 2591 1312 2623 Eccleiie

248 2633 421 2666 Parochialis
435 2632 471 2661 de
485 2629 705 2667 Merewinllowe
720 2628 841 2667 ejusdem
856 2627 976 2659 Dioces’
996 2629 1099 2663 (modo
1121 2638 1181 2658 non
1199 2629 1280 2661 distet
1297 2641 1313 2661 a

251 2673 392 2705 Rectoria
415 2668 532 2708 prediet‘
560 2668 630 2698 ultra
655 2668 820 2697 o&odecim
853 2666 980 2703 Milliar’)
1003 2668 1128 2705 recipere
1158 2668 1305 2706 poffir,&

271 2711 343 2743 uoad
369 2710 467 2740 vixerit
489 2708 618 2737 retinere.
655 2706 722 2736 Dat'
744 2704 869 2735 secundo
892 2705 951 2736 Die
977 2704 1084 2735 Mensis
1105 2704 1198 2743 Julii‚
1224 2708 1313 2738 Anno

249 2724 377 2783 {omini
397 2747 552 2778 Millesimo
565 2745 767 2775 sexcenreiimo
781 2744 916 2774 vicesimo
932 2744 1049 2782 quinto,
1067 2744 1100 2774 &
1115 2743 1315 2776 Tranllationis

251 2791 342 2822 Anno
355 2787 472 2817 decimo
486 2786 587 2823 quinto
601 2793 632 2814 ut
651 2783 739 2819 supra.

288 2825 492 2858 Confirmatio
528 2822 617 2854 Teste
634 2821 718 2860 Rege
735 2820 809 2861 apud
833 2819 1112 2860 Wstmonasterium,
1137 2829 1238 2860 quarto
1256 2823 1314 2854 Die

248 2866 336 2906 Julii.

284 2942 416 2974 Ricardus
429 2942 548 2980 Trynton
567 2937 716 2973 Clericus,
738 2934 772 2966 A.
790 2934 837 2964 Μ.
856 2943 887 2965 ut
906 2945 959 2966 una
974 2945 1042 2966 cum
1050 2935 1163 2968 Vicaria
1179 2945 1312 2978 perpetua

252 2981 378 3013 Eccleiie
400 2977 567 3009 Parochialis
586 2976 623 3005 de
648 2973 868 3014 Westthothleigh
887 2974 920 3004 al'
933 2974 1106 3014 Jqslhoadley
1127 2976 1245 3007 Dioces'
1268 2981 1313 3007 Ci-

252 3020 359 3060 cestren*
391 3019 490 3055 (quam
507 3016 563 3052 jam
586 3014 711 3050 obtinet)
742 3012 912 3043 Rectoriam
940 3012 1068 3044 Ecclesie
1087 3015 1260 3045 parrochialis
1278 3017 1314 3047 de

251 3055 447 3093 Erthinglergh
472 3054 505 3083 al’
528 3051 682 3090 Ardingley
707 3050 830 3093 ejusdem
858 3051 976 3082 Dioces'
1003 3052 1094 3083 modo
1120 3063 1179 3083 non
1202 3054 1284 3086 distet
1301 3065 1316 3085 a

252 3098 366 3129 vicaria
387 3093 503 3132 prediCt'
520 3092 590 3121 ultra
609 3099 727 3128 quatuor
751 3088 878 3132 Milliar')
899 3092 1025 3126 recipere
1041 3090 1143 3129 poffit,
1163 3094 1195 3123 &
1220 3094 1315 3130 quoad

253 3137 352 3168 vixerit
368 3135 498 3164 retinere.
536 3129 605 3172 Dat’
624 3136 733 3172 quarto-
748 3126 806 3158 Die
822 3127 931 3158 Mensis
951 3127 1029 3166 Julii
1045 3152 1054 3165 ,
1078 3129 1166 3160 Anno
1190 3129 1315 3162 Domini

256 3174 407 3206 millesimo
431 3171 632 3202 sexcenteiimo
651 3168 788 3197 Vlceilmo
805 3167 925 3204 quinto,
952 3169 985 3197 &
1003 3167 1209 3199 Transsarionis
1227 3169 1318 3200 Anno

254 3214 370 3244 decimo
390 3212 490 3249 quinto
507 3215 538 3238 ut
556 3208 584 3236 su
606 3216 642 3236 ra.

289 3250 490 3281 Confirmatio.
524 3245 584 3277 Tei
599 3255 614 3275 e
632 3244 713 3282 Rege
732 3241 806 3281 apud
826 3242 1086 3282 Wstmonasterium
1102 3267 1113 3282 ,
1135 3255 1238 3283 quarto
1259 3246 1317 3277 Die

258 3289 342 3330 Julii.

299 3366 436 3398 malti-rus
462 3359 646 3402 Balcasrquall
670 3359 700 3390 S.
715 3359 756 3389 T.
778 3358 812 3390 P.
837 3358 973 3388 Decanus
999 3358 1126 3390 Ecclesie
1151 3360 1259 3391 Christi
1284 3363 1319 3393 &

257 3406 342 3438 Beate
370 3407 463 3434 Mario
483 3402 607 3441 Virginis
626 3398 740 3438 Roffen',
759 3398 791 3428 ὃ(
811 3396 983 3440 Sereniffimi
1008 3397 1132 3440 Domini
1152 3399 1242 3438 Regis
1261 3400 1321 3432 Ca-

257 3443 399 3483 peilanor’
414 3441 533 3471 ordinar’
548 3449 640 3476 unuS,
658 3446 688 3467 ut
702 3446 835 3467 unacum
852 3436 989 3478 Ressioria
1005 3435 1127 3467 Ecclesre
1148 3437 1320 3469 Parochialis

260 3484 297 3513 de
315 3478 488 3519 Addilham,
506 3489 576 3509 cum
593 3476 709 3514 Capella
723 3475 758 3505 de
772 3473 866 3510 staple
888 3474 982 3503 eidem
997 3475 1097 3503 annex’
1110 3474 1229 3507 Dioces'
1245 3481 1319 3508 Can-

259 3522 335 3552 ,ραν
353 3525 449 3559 (quani
460 3519 519 3555 jim
533 3517 655 3551 obtinet)
676 3514 821 3545 Vicariam
841 3521 1004 3551 perpetuam
1022 3512 1146 3543 Ecclesie
1167 3514 1320 3547 Parochia-

261 3562 292 3591 lis
322 3560 358 3589 de
381 3555 530 3595 Goodhurfl
558 3555 681 3593 ejusdem
711 3552 828 3583 Dioces'
846 3551 951 3586 (modo
971 3560 1029 3580 non
1046 3551 1132 3582 distet
1149 3563 1165 3583 a
1186 3552 1320 3585 Red'coria

263 3598 388 3637 predidka
407 3595 474 3625 ultra
491 3595 604 3631 triginta
624 3592 738 3622 Milliar'
755 3591 801 3620 vel
825 3600 861 3620 eo
879 3590 1146 3632 circiterliecipere
1168 3592 1268 3628 poffir,
1287 3594 1320 3623 &

265 3638 360 3675 quoad
379 3635 476 3664 vixerit
491 3634 615 3663 retinere.
636 3631 705 3661 Dat'
716 3630 838 3668 septimo
852 3627 910 3658 Die
926 3626 1032 3657 Menus
1047 3628 1137 3666 Julii,
1159 3631 1245 3660 Anno
1255 3631 1318 3660 Do.

264 3675 334 3705 mini
359 3672 507 3702 millesimo
530 3670 732 3700 sexcentesimo
755 3668 891 3699 vicesimo
911 3668 1012 3704 quinto
1026 3689 1036 3704 ,
1063 3668 1095 3698 ἅτ
1115 3667 1321 3700 Transsationis

266 3712 354 3742 Anno
371 3710 486 3740 decimo
502 3710 602 3746 quinto
620 3718 649 3738 ur
668 3708 754 3744 supra.

300 3748 502 3778 Confirmatio.
532 3747 620 3778 Teste
639 3745 721 3785 Rege
740 3744 815 3784 apud
833 3741 1106 3783 Westmonasterium,
1124 3743 1245 3781 septimo
1259 3744 1320 3776 Die

263 3787 348 3826 Julii.

301 3861 465 3892 Willielnms
487 3859 580 3891 Clerke
599 3861 727 3891 Clericus
741 3883 750 3898 ‚
777 3859 812 3890 A.
834 3858 881 3888 Μ.
900 3867 931 3890 ut
948 3868 1004 3889 una
1017 3867 1085 3889 cum
1096 3859 1206 3890 Vicaria
1220 3870 1320 3898 perpe-

262 3911 311 3933 tua
332 3901 454 3931 Ecclesia:
474 3899 643 3928 Parochiaiis
662 3900 697 3928 de
711 3897 867 3936 Swinford’
886 3897 1003 3928 Dioces'
1016 3897 1133 3926 Lincoln⁷
1154 3899 1250 3935 (quam
1259 3899 1320 3937 jam

265 3940 388 3975 obtinet)
417 3938 580 3967 Reeioriam
606 3937 732 3967 Eccleiie
759 3936 931 3966 Parochialis
948 3936 984 3966 de
1005 3935 1178 3965 Brincklowe
1203 3936 1323 3967 Dioces’

259 3978 362 4009 caven*
379 3978 413 4009 ἃ.
431 3975 534 4005 Lichen'
556 3975 658 4011 (modo
675 3985 736 4005 non
754 3974 837 4006 distet
851 3985 867 4006 a
887 3974 1000 4006 Vicaria
1015 3975 1148 4013 „predicta
1166 3974 1236 4007 ultra
1251 3976 1321 4008 oc'io

646 65 1441 116 CONVENTIONES,

1501 64 1897 112 LITERAE‚

1340 152 1468 191 Milliar’)
1487 156 1615 194 recipere
1635 151 1721 192 poffit
1735 175 1746 191 ,
1770 153 1804 185 &
1823 149 1920 189 quoad
1946 149 2049 194 vixerit
2072 153 2198 187 retinere.
2234 154 2305 188 Dat’
2331 166 2413 189 nono
2426 154 2536 188 Anah

1339 191 1398 223 Die
1417 192 1524 225 Mensis
1541 193 1619 233 Julii
1636 214 1646 230 ,
1671 192 1760 222 Anno
1779 190 1907 221 Domini
1926 189 2077 221 millesimo
2094 192 2295 226 sexcentesimo
2313 197 2410 228 vicesi-
2451 195 2536 234 1625.

1377 270 1583 303 Confirmatio.
1620 268 1710 302 Teste
1732 268 1816 306 Rege
1840 268 1915 307 apud
1934 266 2196 308 Westmonasterium
2211 293 2222 310 ,
2243 282 2324 304 nono
2350 272 2410 304 Die
2422 237 2484 305 εἶν’,
2497 244 2530 302 ιι..

1343 240 1394 262 mo
1412 233 1529 270 quinto,
1551 234 1584 264 ὃς
1600 230 1810 263 Transsarionis
1828 228 1918 259 Anno
1939 227 2058 259 decimo
2076 232 2177 267 quinto
2192 241 2222 264 ut
2239 234 2328 273 supra.

1342 307 1427 346 Julii.

1381 384 1530 428 Johannes
1546 386 1670 426 Langley
1689 383 1839 420 Clericus,
1857 381 1923 414 LL.
1942 382 1973 413 B.
1992 391 2024 415 ut
2041 394 2166 417 unacum
2187 385 2323 417 Recioria
2349 386 2409 418 Ec-

1343 423 1425 454 cleiie
1445 425 1617 456 Parochialis
1633 426 1670 455 de
1691 426 1724 451 W
1726 420 1848 451 imborne
1865 420 2044 452 Alhallowes
2059 424 2092 455 al'
2106 425 2268 455 Wimborne
2283 427 2409 455 Omnium

1343 464 1504 494 Sam‘lorum
1521 463 1642 494 Dioces'
1655 459 1780 499 Bristoll’
1797 462 1896 496 (quam
1913 461 1971 496 jam
1985 462 2109 500 obtinet)
2131 463 2297 494 Rectoriam
2307 462 2410 493 Eccle-

1344 501 1382 531 sie
1397 501 1571 533 Parochialis
1592 502 1628 533 de
1650 498 1781 538 Grateley
1798 497 1918 541 Diocesf
1935 500 2068 530 Winton’
2087 502 2190 539 (modo
2212 512 2272 532 non
2292 500 2376 531 distet
2392 511 2409 532 a

1343 540 1430 578 priori
1444 541 1515 572 ultra
1531 541 1634 578 viginti
1649 538 1765 569 Miiiiar'
1781 537 1827 580 vel
1839 546 1874 567 eo
1889 537 2011 580 circiter)
2025 540 2149 577 recipere
2163 540 2409 578 poffit,&quoad

1344 580 1443 609 vixerit
1458 581 1587 611 retinere.
1628 577 1697 608 Dat'
1712 574 1871 618 undecimo
1886 573 1946 604 Die
1961 574 2070 607 Mensis
2082 577 2175 616 Julii,
2195 579 2283 609 Anno
2298 578 2410 609 Domi-

1343 619 1375 648 ni
1393 617 1543 649 rnillefimo
1557 614 1765 647 sexcentesimo
1781 617 1918 644 viceiimo
1933 614 2055 653 quinto,
2073 617 2106 646 &
2123 616 2328 649 Transsationis
2345 617 2409 648 An—

1345 665 1385 686 no
1397 656 1515 687 decimo
1530 657 1634 694 quinto
1646 662 1677 684 ut
1695 655 1723 684 su
1745 662 1784 683 ra.

1344 693 1582 772 DCOJHJmatio.
1616 692 1708 724 Teste
1758 699 1810 731 ege
1826 691 1900 729 apud
1919 689 2182 732 Wcstmonasterium
2199 717 2209 732 ,
2234 693 2411 726 duodecimo

1377 743 1403 763 le
1449 745 1466 763 u
1479 746 1507 764 Η.

1381 808 1563 851 christoforus
1576 811 1680 839 Greene
1698 807 1845 844 Clericus,
1863 806 1894 838 S.
1912 807 1952 838 T.
1972 807 2006 838 P.
2026 817 2143 840 necnon
2161 807 2330 846 Capelianus
2346 808 2410 840 Re·-

1342 849 1459 878 verendi
1476 859 1505 878 in
1520 847 1641 877 Christo
1663 846 1751 877 Patris
1773 847 1806 877 &
1830 844 1990 877 Confratris
2012 847 2099 877 nostri
2120 846 2260 878 Lanceloti
2283 847 2410 878 Winton’

1341 886 1494 926 Episcopi,
1511 895 1542 916 ut
1565 894 1619 916 una
1636 895 1705 916 cum
1720 884 1861 915 Re&oria
1878 884 2004 916 Ecclefie
2027 885 2199 917 Parochialis
2219 885 2256 917 de
2277 887 2408 917 stockton

1341 924 1460 956 Dioces’
1473 929 1571 955 Sarum
1593 923 1637 960 (ad
1654 933 1739 961 quam
1756 923 1903 961 presentat’
1915 923 1968 960 est)
1987 923 2154 956 Reeronam
2176 923 2304 957 Ecclefie
2318 924 2406 956 Paro—

1340 964 1434 994 chialis
1447 964 1483 994 de
1497 966 1647 1000 Avington
1662 961 1779 992 Dioces'
1795 963 1837 990 W
1839 961 1925 991 inton'
1940 961 2032 992 modo
2047 973 2106 993 non
2125 963 2207 994 distet
2222 974 2237 994 a
2259 965 2346 1003 priori
2363 964 2409 995 ul-

1341 1011 1383 1033 tra
1397 1004 1499 1042 viginti
1514 1003 1547 1033 &
1562 1010 1670 1032 novem
1685 998 1813 1035 Miliiar')
1834 1001 1958 1037 recipere
1971 1000 2056 1037 poffit
2066 1024 2075 1038 ,
2091 1003 2126 1033 &
2140 1003 2235 1041 quoad
2251 1004 2351 1034 vixerit
2364 1013 2408 1035 re-

1340 1051 1439 1073 tinere.
1477 1041 1546 1072 Dat’
1569 1040 1705 1070 viceiimo
1730 1045 1831 1076 quarto
1848 1037 1908 1068 Die
1930 1037 2038 1069 Menfis
2055 1040 2148 1078 Julii,
2168 1041 2256 1072 Anno
2278 1041 2405 1073 Domini

1343 1080 1495 1110 millesimo
1508 1077 1713 1110 sexcentesimo
1732 1076 1868 1108 vicesimo
1884 1076 1903 1096 *ἰ
1923 1077 2043 1115 quinte,
2061 1080 2095 1110 &
2111 1079 2317 1112 Transsationis
2341 1081 2406 1112 An-
2419 1080 2536 1111 *xvlll

2421 1123 2487 1159 664.

1342 1128 1382 1149 no
1398 1119 1519 1149 decimo
1533 1118 1635 1155 quinto
1653 1124 1683 1146 ut
1700 1116 1727 1146 su
1748 1125 1785 1147 ra.
2287 1130 2299 1136 =

1378 1156 1583 1188 Confirmatio.
1619 1154 1709 1186 Teste
1729 1125 1812 1192 Rege
1831 1152 1906 1193 apud
1922 1153 2017 1184 Oxon'
2032 1155 2132 1193 primo
2145 1155 2205 1188 Die
2217 1158 2344 1198 Augusti.

1383 1234 1553 1265 Willielmus
1565 1231 1677 1270 Gallope
1697 1231 1842 1269 Clericus,
1862 1231 1899 1261 A.
1919 1231 1967 1261 M.
1988 1242 2107 1263 necnon
2122 1231 2295 1270 Capellanus
2310 1235 2408 1268 Reve-

1340 1274 1421 1304 rendi
1436 1275 1465 1304 in
1480 1272 1600 1303 Christo
1617 1272 1706 1301 Patris
1719 1272 1752 1302 ὃς
1770 1269 1933 1306 Confratris
1956 1271 2045 1300 nostri
2069 1271 2181 1301 Roberti
2198 1272 2321 1312 Bristvll'
2338 1273 2409 1312 Epi,

1342 1311 1440 1350 scopi,
1458 1321 1489 1342 ut
1504 1321 1557 1342 una
1575 1319 1644 1341 cum
1660 1308 1801 1341 Re&oria
1820 1307 1947 1339 Ecclefie
1961 1307 2134 1340 Parochialis
2149 1311 2186 1342 de
2202 1311 2309 1341 Middle
2321 1311 2409 1343 Chin-

1343 1352 1423 1381 nocke
1440 1349 1557 1380 Dioccs'
1575 1348 1699 1379 Bathon'
1720 1348 1755 1379 δε
1773 1346 1880 1377 Wellen'
1901 1347 2002 1385 (quarn
2018 1349 2078 1386 jam
2094 1350 2216 1385 obtinet)
2234 1350 2405 1382 Reeroriam

1342 1388 1471 1419 Ecclesie
1485 1387 1656 1419 parochialis
1671 1386 1707 1416 de
1721 1386 1801 1416 Stoke
1816 1385 1943 1415 Abbotts
1955 1385 1989 1416 al'
2003 1386 2099 1416 Abbot
2114 1389 2196 1417 stoke
2213 1388 2332 1420 Dioces’
2346 1394 2408 1420 Bri-

1339 1427 1411 1467 [toll'
1429 1427 1533 1465 (modo
1548 1436 1606 1456 non
1624 1424 1707 1456 distet
1721 1425 1828 1463 apriori
1838 1425 1909 1455 ultra
1921 1423 2025 1456 decem
2040 1425 2156 1457 Milliar'
2169 1428 2214 1458 vel
2227 1437 2264 1457 eo
2280 1429 2407 1465 circiter)

1341 1466 1469 1503 recipere
1485 1464 1570 1504 possit
1581 1488 1591 1503 ,
1609 1465 1642 1496 &
1657 1464 1750 1502 quoad
1766 1464 1865 1494 vixerit
1879 1463 2009 1494 retinere.
2048 1464 2117 1495 Dat’
2128 1465 2206 1496 sexto
2219 1465 2279 1496 Die
2296 1466 2406 1498 Mensis

1342 1504 1477 1543 Augusti,
1497 1504 1586 1534 Anno
1602 1502 1727 1533 Domini
1742 1501 1891 1532 millesimo
1909 1500 2109 1534 sexcentesimo
2132 1505 2271 1535 vicesimo
2283 1506 2405 1545 quinto,

1343 1545 1377 1576 &
1391 1542 1596 1574 Transsationis
1612 1542 1702 1572 Anno
1717 1539 1834 1571 decimo
1850 1540 1962 1579 quinto.

1378 1580 1581 1613 Confirmatio.
1616 1579 1708 1611 Teste
1722 1578 1806 1619 Rege
1819 1578 1894 1617 apud
1909 1580 2001 1609 Oxon'
2014 1580 2168 1612 undecimo
2183 1580 2242 1614 Die
2255 1581 2385 1623 Augusti.

1381 1658 1521 1698 Gibbestus
1535 1657 1647 1696 Gallope
1664 1656 1813 1694 Clericus,
1829 1655 1866 1687 A.
1887 1655 1934 1686 M.
1953 1666 2067 1688 necnon
2083 1657 2251 1697 Capelianus
2258 1660 2408 1692 Reveren-

1344 1698 1374 1729 di
1389 1700 1418 1729 in
1435 1698 1555 1729 Christo
1571 1697 1658 1728 Patris
1674 1697 1708 1727 ὅ(
1725 1695 1888 1726 Confrarris
1903 1694 1995 1725 nostri
2017 1696 2128 1726 Roberti
2143 1697 2259 1735 Bristoll'
2271 1699 2407 1739 Episcopi

1344 1746 1375 1767 ut
1393 1747 1445 1767 una
1462 1747 1532 1768 cum
1544 1736 1681 1766 Renoua
1697 1733 1824 1765 Ecclesie
1842 1733 2019 1764 Parochialis
2034 1734 2071 1765 de
2080 1735 2212 1765 Odcombe
2220 1736 2410 1768 Dioces’Ba-

1347 1775 1423 1806 thon'
1439 1776 1472 1807 &
1489 1773 1610 1806 Wellen'
1629 1775 1727 1810 (quarn
1745 1775 1806 1811 jam
1830 1772 1952 1809 obtinet)
1975 1771 2147 1804 Rezstoriam
2169 1773 2297 1807 Ecclefie
2321 1775 2412 1808 Paro-

1345 1815 1442 1846 chialis
1453 1814 1489 1845 de
1496 1817 1598 1844 Sutton
1606 1811 1744 1849 Bingham
1757 1811 1881 1849 ejusdem
1893 1810 2014 1842 Dioces'
2027 1812 2135 1847 (modo
2149 1822 2208 1843 non
2217 1813 2298 1844 distet
2306 1824 2323 1845 a
2335 1816 2413 1854 prio-

1345 1855 1368 1884 ri
1384 1853 1453 1884 ultra
1465 1862 1583 1891 quatuor
1601 1849 1718 1881 Miliiar'
1735 1852 1779 1879 vei
1793 1859 1829 1879 eo
1846 1850 1971 1881 circiter)
1991 1851 2120 1888 recipere
2140 1850 2245 1890 poffit,
2262 1853 2296 1884 ὃ(
2314 1853 2413 1893 quoad

1345 1892 1445 1923 vixerit
1459 1892 1588 1922 retinere.
1626 1889 1695 1920 Dar’
1714 1888 1791 1918 seXto
1813 1887 1860 1918 die
1882 1887 1992 1918 Menfis
2014 1889 2134 1929 Augusti
2139 1912 2149 1928 ,
2175 1890 2263 1920 Anno
2286 1891 2415 1924 Domini

1346 1931 1496 2001 :inilleiimo
1521 1928 1724 1960 sexcentesimo
1741 1927 1878 1958 vicesimo
1899 1927 2024 1966 quinto,
2044 1929 2078 1960 &
2095 1928 2302 1960 Transsationis
2320 1931 2413 1963 Anno

1368 1979 1463 2000 ecimo
1478 1977 1588 1999 ouinto.

1379 2007 1581 2039 Confirmatio.
1619 2004 1708 2037 Teste
1720 2003 1803 2045 Rege
1814 2004 1889 2044 apud
1903 2004 1995 2035 oxon’
2013 2004 2170 2037 undecimo
2185 2005 2245 2038 Die
2259 2008 2388 2048 Augusti.

1382 2093 1498 2127 Rogerus
1521 2087 1629 2119 Flower
1647 2087 1775 2118 Clericus
1817 2086 1853 2117 A.
1874 2085 1923 2116 Μ.
1941 2095 2055 2116 necnon
2072 2085 2239 2124 Capelianus
2261 2090 2414 2128 prenobilis

1346 2129 1474 2159 Gulielm·
1490 2131 1629 2166 Seymoure
1641 2125 1741 2156 Minus
1752 2149 1762 2164 ,
1781 2109 1908 2167 bomini
1924 2124 2082 2163 Bellocampi
2098 2127 2132 2157 &
2142 2126 2267 2157 Comitis
2280 2127 2416 2167 Hmfor.

1347 2169 1406 2206 die,
1423 2177 1455 2198 ut
1469 2177 1522 2197 una
1539 2176 1608 2197 cum
1625 2164 1761 2194 Redioria
1775 2163 1902 2198 Eccleiie
1911 2163 2080 2195 Parochialis
2087 2164 2123 2194 de
2137 2164 2225 2204 castle
2233 2166 2329 2196 Combe
2338 2167 2417 2198 Dio-

1348 2207 1402 2238 ces’
1416 2210 1515 2236 Sarum
1531 2207 1629 2243 (quarn
1644 2204 1699 2240 iam
1711 2203 1836 2239 obtinet)
1857 2201 2029 2232 Re&oriam
2046 2202 2172 2234 Ecclesie
2192 2203 2364 2237 Parochialis
2377 2205 2416 2238 de

1346 2244 1495 2275 cheverell
1506 2247 1606 2273 Parva
1619 2242 1743 2280 ejusdem
1758 2241 1877 2271 Dioces’
1901 2240 2006 2277 (modo
2020 2251 2080 2271 non
2103 2241 2187 2273 distet
2203 2253 2219 2273 a
2241 2245 2329 2282 priori
2345 2245 2416 2275 ultra

1348 2285 1515 2322 quindecim
1530 2281 1656 2316 Milliar')
1675 2283 1801 2319 recipere
1810 2279 1911 2317 possir,
1930 2280 1962 2308 &
1977 2280 2072 2317 quoad
2088 2281 2188 2311 vixerit
2202 2283 2329 2313 retinere.
2345 2281 2417 2313 Dat’

1347 2323 1524 2354 duodecimo
1539 2320 1598 2350 Die
1614 2319 1723 2350 Menfis
1736 2317 1856 2357 Augusti
1866 2342 1875 2355 ,
1895 2320 1983 2348 Anno
2003 2317 2128 2348 Domini
2144 2319 2416 2352 millefirnosexcen-

1347 2362 1446 2393 teiimo
1459 2360 1598 2391 viceiimo
1613 2359 1732 2396 quinto,
1751 2358 1783 2387 &
1800 2355 2000 2386 Transsationis
2015 2356 2102 2387 Anno
2115 2357 2232 2387 decimo
2246 2358 2359 2395 quinto.

1382 2399 1587 2431 Confirmatio.
1624 2396 1713 2428 Teste
1732 2395 1813 2435 Rege
1828 2395 1901 2433 apud
1926 2394 2020 2425 Oxon'
2035 2394 2152 2426 decimo
2174 2395 2258 2426 tertio
2273 2395 2333 2428 Die
2347 2400 2413 2429 Au..

1345 2438 1422 2478 gusti.

1385 2513 1496 2545 Samuel
1509 2511 1647 2542 Seawara'
1658 2510 1803 2551 Clericus,
1821 2509 1850 2540 S.
1867 2509 1907 2543 T.
1926 2508 1959 2539 B.
1980 2517 2010 2540 ut
2025 2518 2081 2540 una
2098 2519 2165 2540 cum
2182 2509 2294 2543 Vicaria
2308 2522 2410 2551 perpe..

1349 2562 1395 2585 tua
1416 2551 1540 2584 Ecclefie
1562 2550 1730 2580 Parochialis
1753 2550 1789 2579 de
1810 2546 1929 2593 reasqell’
1953 2547 2072 2578 Dioces'
2095 2548 2212 2592 Bqthon’
2237 2552 2270 2581 &
2299 2552 2413 2583 Wellen’

1349 2593 1448 2661 {filim
1460 2592 1521 2659 ’ΞΣ
1528 2590 1660 2657 ἕξέἐὲἓξ)
1675 2586 1993 2660 ἓῑῐῗὲἑίῗὲὢὲάὲἓὲ
2005 2586 2414 2661 ἲῗῖξέῧὲὼέἦῗθῌωοᾜέἑ

1350 2637 1590 2700 nigraagluodegim
1608 2664 1736 2698 Milliar')
1750 2665 1875 2707 recipere
1896 2662 1997 2701 poffit,
2013 2665 2045 2693 δε
2060 2665 2153 2699 Quoad
2169 2638 2271 2697 vixaeriit
2284 2639 2414 2699 ξὲξηετε.

1351 2708 1420 2738 Dat'
1434 2705 1570 2737 vicesimo
1589 2705 1690 2741 quinto
1713 2702 1771 2733 Die
1786 2701 1920 2740 Augusti,
1940 2701 2029 2732 Anno
2051 2702 2176 2733 Domini
2194 2705 2340 2736 millesimo
2355 2706 2414 2736 sex-

1350 2745 1506 2777 centesimo
1521 2742 1656 2773 vicesimo
1671 2743 1791 2778 quinto,
1810 2739 2053 2772 &Transsationis
2069 2742 2112 2771 Ar
2119 2751 2158 2771 no
2173 2742 2290 2773 decimo
2297 2745 2411 2781 quinto.

1386 2783 1589 2814 Confirmatio.
1625 2780 1715 2810 Teste
1729 2779 1811 2819 Rege
1835 2778 1909 2817 apud
1925 2781 1953 2809 V
1954 2777 1995 2808 ill’
2007 2779 2178 2819 Southampt'
2195 2781 2341 2813 tricesimo
2355 2785 2412 2821 pri·

1352 2832 1405 2853 mo
1419 2822 1478 2852 Die
1493 2817 1620 2858 Augusti.

1386 2898 1510 2938 Jacobus
1528 2899 1620 2935 Povey
1640 2894 1786 2933 Clericus,
1804 2895 1839 2925 A.
1860 2894 1905 2924 M.
1926 2904 2041 2925 necnon
2063 2894 2233 2933 Capelianus
2254 2898 2298 2931 (ut
2317 2897 2413 2930 afferi-

1354 2939 1410 2976 tur)
1429 2936 1593 2967 Reverendi
1606 2937 1634 2965 in
1652 2934 1770 2964 Christo
1784 2933 1870 2964 Patris
1885 2933 1919 2964 &
1934 2932 2189 2965 Confranisnostn
2204 2935 2414 2967 ThomeCovm’

1353 2978 1386 3008 &
1406 2975 1510 3005 Lichen’
1524 2973 1675 3013 Episcopi,
1693 2981 1725 3004 ut
1742 2982 1795 3001 una
1817 2982 1886 3002 cum
1901 2971 2038 3002 Reetoria
2053 2973 2178 3004 Ecclesie
2193 2973 2364 3005 parochialis
2378 2976 2414 3006 de

1352 3014 1454 3049 Willey
1472 3012 1699 3043 Dioces’coven’
1712 3009 1858 3041 &Lichen'
1877 3012 1975 3046 (quam
1992 3012 2046 3045 jam
2059 3012 2181 3047 obtinet)
2194 3012 2336 3043 Vicariain
2349 3023 2412 3051 per-

1355 3062 1469 3092 petuam
1485 3051 1613 3082 Ecclesie
1628 3049 1800 3080 Parochialis
1814 3049 1870 3078 sive
1887 3048 2004 3084 capelle
2019 3049 2102 3080 Beate
2119 3048 2213 3081 Marie
2226 3053 2256 3080 in
2279 3051 2344 3081 soro
2360 3051 2413 3082 Ci-

1353 3091 1432 3122 vitat’
1446 3089 1560 3120 Lichen’
1573 3087 1695 3126 ejusdem
1712 3086 1830 3117 Dioccs'
1853 3088 1954 3123 (modo
1972 3089 2030 3117 non
2053 3088 2135 3119 distet
2158 3099 2173 3119 a
2190 3089 2326 3119 Rectoria
2350 3100 2415 3128 pre-

1352 3130 1420 3160 diff
1437 3133 1505 3158 ultra
1520 3128 1620 3165 viginti
1638 3125 1764 3160 Milliar')
1785 3127 1905 3163 resipere
1919 3126 2018 3164 ponit,
2038 3127 2071 3158 &
2085 3127 2176 3164 quoad
2194 3128 2296 3158 vixerit
2311 3131 2414 3161 utine-

1352 3179 1391 3199 re.
1431 3166 1500 3197 Dat’
1514 3166 1631 3196 decimo
1646 3165 1721 3206 sexto
1736 3164 1793 3206 Die
1809 3164 1987 3201 Septembris,
2012 3165 2095 3194 Anno
2116 3165 2239 3196 Domini
2263 3167 2413 3198 millesimo

1355 3205 1558 3238 sexcentesimo
1573 3204 1709 3235 viceiimo
1736 3211 1838 3240 quinto
1852 3226 1862 3241 ,
1889 3203 1921 3233 &
1951 3202 2155 3233 Transsarionis
2182 3204 2270 3234 Anno
2296 3205 2413 3236 decimo

1375 3253 1465 3275 uinto.

1353 3256 1373 3284 q
1391 3281 1590 3313 Confirmatio.
1627 3279 1716 3310 Teste
1732 3278 1815 3317 Rege
1831 3279 1904 3317 apud
1924 3279 1999 3310 Edes
2023 3279 2148 3310 Foxleias
2168 3282 2198 3312 in
2220 3280 2310 3312 Com’
2332 3281 2413 3312 Berk'

1356 3322 1473 3353 decimo
1485 3320 1606 3357 septimo
1620 3318 1679 3349 Die
1693 3318 1862 3356 Septembris.

1394 3396 1557 3428 Willielmus
1571 3398 1665 3426 Lance
1677 3394 1829 3433 Clericus,
1850 3394 1888 3424 A.
1908 3393 1955 3423 Μ.
1974 3394 2067 3425 divini
2089 3395 2178 3426 Verbi
2198 3394 2415 3437 Concionator‚'

1356 3447 1470 3469 necnon
1491 3435 1657 3472 Capelianus
1683 3433 1869 3464 Domesticus
1893 3432 2065 3464 Honorandi
2087 3433 2147 3464 Viri
2165 3432 2267 3463 Dudlei
2290 3434 2414 3467 Domini

1356 3475 1454 3506 North
1469 3473 1567 3505 Baron'
1581 3474 1616 3503 de
1633 3472 1775 3508 Kertlinge
1797 3473 1825 3501 in
1848 3470 1937 3501 Com'
1952 3472 2055 3510 Cant',
2075 3481 2106 3503 ut
2123 3481 2175 3501 una
2187 3480 2258 3501 cum
2273 3471 2412 3506 Reetoria

1356 3514 1482 3546 Eccleiie
1495 3511 1655 3543 Parochial'
1672 3511 1768 3540 Sansti
1783 3509 1931 3540 Michaelis
1957 3512 1991 3540 ad
2015 3510 2129 3540 Bladum
2148 3508 2221 3538 infra
2245 3508 2362 3542 Civitat’
2379 3514 2413 3545 &

1358 3552 1475 3583 Dioces'
1489 3551 1606 3581 London
1623 3551 1720 3586 (quam
1735 3551 1790 3586 jam
1806 3549 1928 3584 obtinet)
1947 3548 2092 3579 Vicariarn
2106 3555 2271 3586 perpetuam
2286 3548 2415 3582 Ecclefie

1356 3590 1526 3622 Parochialis
1542 3589 1576 3620 de
1593 3591 1717 3617 Harrow
1730 3588 1793 3618 alias
1805 3587 1874 3618 diet’
1890 3590 2015 3616 Harrow
2025 3585 2106 3625 fitper
2124 3588 2249 3614 Montem
2264 3588 2292 3615 in
2318 3588 2411 3620 Corn’

1357 3628 1515 3666 Middlelbx
1544 3628 1648 3664 (modo
1672 3636 1730 3655 non
1744 3626 1824 3656 distet
1838 3637 1852 3656 a
1876 3625 2011 3656 Ressoria
2028 3623 2143 3662 prediCt'
2165 3623 2233 3653 ultra
2256 3624 2414 3658 duodecim

1357 3667 1485 3701 Milliar')
1505 3667 1628 3705 recipere
1644 3664 1742 3702 poffit,
1762 3665 1795 3695 &
1809 3664 1899 3703 quoad
1920 3663 2018 3694 vixerit
2035 3662 2162 3691 retinere.
2200 3661 2270 3692 Dat’
2285 3662 2410 3700 septimo

1356 3706 1416 3737 Die
1431 3704 1571 3742 Ombris,
1594 3705 1677 3734 Anno
1686 3702 1809 3733 Domini
1817 3699 2173 3745 millesimoscxcentesimo
2182 3699 2319 3732 vicesimo
2330 3707 2415 3741 qum.

1357 3741 2065 3851 1⁰}{ff231‘33't'igf'0i221ii2nii’egffssffi‘iissssim
2084 3778 2185 3814 com,
2204 3777 2349 3810 mcefimo
2370 3779 2416 3811 die

1358 3824 1399 3851 Oc
1415 3832 1428 3850 o
1447 3824 1493 3850 ris.

1394 3897 1544 3937 Johannes
1559 3895 1687 3925 Peachell
1700 3895 1846 3931 Clericus,
1869 3892 1906 3923 A.
1927 3891 1974 3921 M.
1993 3900 2107 3922 necnon
2129 3890 2301 3930 Capelianus
2318 3894 2417 3926 Reve-

1358 3937 1438 3968 reiidi
1454 3938 1482 3965 in
1493 3934 1614 3965 Christo
1630 3934 1715 3965 Patris
1731 3934 1764 3963 &
1780 3931 1940 3973 Confratrjs
1955 3930 2042 3959 nostri
2057 3928 2418 3972 GoaffridiGloucestr'Epj-

1357 3976 1454 4013 scopi,
1472 3983 1501 4005 u:
1517 3984 1572 4004 una
1581 3982 1650 4004 cum
1664 3971 1801 4003 Rec‘toria
1815 3969 1943 4001 Ecclehe
1955 3966 2127 4000 Parochiaiis
2140 3970 2176 4000 de
2190 3969 2320 4008 Bliburgh
2335 3970 2413 4000 Dio-

2365 4015 2419 4040 (τε)
