2536 4255
724 99 1711 148 ETACTAPUBLICA.
2204 124 2279 163 ²51

0 201 47 223 nn.
60 190 104 223 D.
125 191 249 231 peilanus
265 190 414 221 Willielmi
432 189 546 221 Baronis
559 192 672 219 Craven
693 188 726 217 de
740 186 892 226 Hampsted
909 183 1063 224 Maifhall‚
1081 194 1110 216 ut
1133 185 1187 214 υῐῑὲ
1227 183 1334 215 Menfis
1349 186 1430 230 Julii
1443 188 1531 233 Anno
1547 189 1674 221 Domini
1696 191 1790 230 1627,
1806 194 1839 224 δε
1858 192 2064 224 Transsationis
2088 194 2175 224 Anno
2196 204 2239 230 17.
2294 192 2370 226 Ann.
2384 195 2429 229 DJ

0 231 73 268 :627.
123 240 191 262 cum
208 230 344 260 Rec‘ioria
359 229 486 261 Ecclesie
502 228 672 259 Parochialis
686 225 721 256 de
741 225 953 263 Llandenrydog
972 234 1040 254 cum
1064 222 1181 263 Capella
1260 221 1462 255 Confirmatio.
1506 227 1530 256 Γ
1531 227 1589 257 este
1605 227 1689 267 Rege
1709 230 1781 266 apud
1801 232 2074 271 {Vestmonaslerium,
2092 233 2206 264 decimo
2222 242 2277 265 ter·
2314 233 2397 268 1627.

0 281 18 298 i.
35 278 61 305 3.
117 270 211 300 eidem
236 277 388 306 annexam,
411 266 542 297 Diocesis
564 262 750 302 Bangorienfis
770 266 868 307 (quarn
883 264 943 301 jam
967 263 1092 298 obtinet)
1115 263 1175 292 Re·
1218 260 1261 290 tio
1274 260 1320 290 die
1337 260 1425 298 Julii.
2288 273 2340 298 An.
2357 282 2382 308 3,

0 318 31 337 ir.
48 317 71 335 1.
117 308 240 338 Ctoriam
258 306 384 337 Ecclefie
401 303 575 335 Parochialis
595 302 631 332 de
653 299 813 338 Eglmfizel
831 302 896 331 alias
921 299 1175 331 Llan-Cadwalla-
2289 312 2350 338 CM·
2369 319 2391 337 [Γ
2420 312 2442 345 i·

0 2223 95 2253 [vm.

118 346 167 375 der
179 355 247 376 cum
269 344 390 382 Capellis
405 342 499 372 eidem
519 340 659 370 annexatis
680 338 802 382 ejusdem
825 339 968 382 Dioecesis
989 339 1094 373 (modo
1112 349 1174 369 non

117 383 201 414 distet
212 394 226 413 a
239 383 330 413 Priori
343 382 410 412 ultra
418 378 637 416 quatuordecem
647 377 791 412 Miliiaria)
811 387 934 416 recipere
943 376 1025 415 poffir
1035 378 1068 407 &
1076 377 1172 421 quoad

117 423 218 453 vixerit
230 423 359 451 retinere.
396 417 466 460 Datf
481 415 618 446 vicesimo
635 416 681 445 die
697 415 807 445 Mensis
822 415 933 455 Aprilis
949 416 1038 446 Anno
1046 415 1171 446 Domini

123 454 695 563 1anfissmgtizoqssassgiiselxffeg'el{pud
720 491 977 532 Wstmonasterium
991 516 1002 531 ,
1036 492 1172 523 vicesimo

115 537 162 569 die
177 539 250 575 Apri
262 537 294 563 is.

147 610 260 644 Samuel
273 610 415 642 Greaves,
432 607 577 645 Clericus,
596 606 634 638 A.
647 607 694 638 M.
713 605 828 637 necnon
847 606 1016 644 Capelianus
1033 607 1169 644 prenobi-

110 651 144 682 lis
158 650 221 680 Viri
238 647 375 678 Edwardi
390 646 516 677 Comitis
536 645 656 685 Dorfi’t,
673 654 704 675 ut
717 646 771 675 unii
789 655 858 675 cum
883 645 1021 676 Re&0ria
1043 645 1169 675 Ecclesie

110 688 281 719 Parochialis
298 685 334 715 de
351 689 518 722 Berrington
535 684 665 714 Diocesis
687 684 788 713 Coven'
806 684 839 714 &
859 683 972 713 Lichen’
991 684 1090 722 (quam
1106 684 1167 722 jam

110 728 232 760 obtinet)
252 725 362 755 tertiam
379 723 490 754 Partem
505 723 562 753 sive
576 722 744 752 Portionem
767 721 907 752 Reetorie
928 722 964 752 de
984 721 1167 760 Pontefhbury

109 763 243 795 Diocesis
257 760 406 800 Her-rfffhrd'
421 761 526 796 (modo
535 770 595 790 non
609 759 692 790 distet
705 770 720 790 a
729 759 867 790 Rectoria
880 760 1002 797 predieia
1016 761 1084 791 ultra
1093 761 1167 791 duo—

108 802 206 833 decim
220 801 364 832 Miiliaria)
385 801 508 837 recipere
523 798 625 835 poffit,
644 799 677 829 ὃς
698 798 792 835 quoad
811 799 911 828 vixerit
935 800 1062 829 retinere.
1098 799 1167 830 Dat’

106 840 255 872 tricesimo
275 841 322 871 die
336 837 442 870 Mensis
458 836 566 875 Aprilis
581 836 670 867 Anno
685 835 812 867 Domini
832 836 917 875 1627.
941 839 974 869 ὃς
992 836 1167 869 Transsatio-

102 880 147 910 nis
162 880 249 910 Anno
270 888 279 908 1
307 902 312 907 .

142 888 344 949 Confirma7tio.
385 913 476 945 Teste
500 912 584 953 Rege
602 913 676 952 apud
704 912 961 953 westmonasterium
979 937 989 953 ,
1019 914 1165 946 tricefimo

103 955 151 988 dic
165 956 281 996 Aprilis.

142 1034 304 1065 Edmundus
315 1036 429 1073 Porter,
447 1031 592 1071 Clericus,
612 1031 641 1064 S.
658 1032 700 1063 T.
714 1032 745 1063 Β.
762 1040 794 1064 υτ
807 1033 861 1062 υῃὲ
875 1041 943 1062 cum
958 1030 1095 1062 Rectoria
1104 1030 1163 1075 Ec-

104 1072 186 1104 clesie
200 1073 374 1104 Parociiialis
390 1075 424 1104 de
439 1072 617 1110 Hwingham
633 1071 763 1102 Diocesis
782 1070 967 1109 Norwt'cenfis
987 1072 1083 1107 (quam
1101 1079 1162 1113 Jarn

104 1108 228 1146 obtinet)
258 1112 426 1142 Recioriani
452 1111 576 1142 Eccleiie
600 1110 769 1140 parochialis
789 1108 825 1152 de
850 1107 1083 1152 Hevinni'ngham
1101 1108 1167 1151 alies

104 1149 304 1187 Henningham
318 1151 441 1187 ejusdem
459 1149 589 1180 Diocesis
606 1147 708 1184 (niodo
723 1157 784 1178 non
799 1146 883 1176 distet
901 1156 917 1176 a
933 1146 1025 1176 Priori
1044 1146 1113 1177 ultra
1123 1157 1167 1191 vi-

102 1188 175 1226 ginti
189 1189 222 1219 &
236 1189 294 1219 duo
310 1188 441 1219 Milliaria
453 1188 498 1219 vel
509 1198 545 1218 eo
560 1187 684 1218 circiterr
705 1187 827 1222 recipere
859 1183 943 1220 offit,
963 1184 1099 1228 &quoad
1117 1194 1163 1214 vr-

102 1227 173 1256 xerit
187 1227 316 1257 retinere.
351 1227 421 1258 Dat'
439 1228 534 1266 primo
548 1226 592 1256 die
608 1223 718 1254 Mensis
733 1226 808 1253 Maii
854 1231 915 1252 nno
926 1221 1055 1252 Domini
1075 1222 1165 1262 1627,

103 1265 138 1296 &
153 1264 354 1296 Transsationis
375 1267 465 1296 Anno
481 1273 527 1301 17.
906 1301 911 1306 .
1040 1299 1045 1304 ⁷
1141 1300 1146 1305 ,

104 1301 341 1370 MConfirmatio.
379 1303 469 1335 Teste
491 1302 575 1340 Rege
597 1299 673 1338 apud
697 1297 976 1339 Wstmonastersum,
1003 1308 1100 1337 primo
1119 1299 1165 1330 die

141 1353 190 1372 au.

139 1417 286 1458 Johannes
301 1418 428 1456 Wilton,
445 1416 591 1453 Clericus,
607 1415 637 1446 S.
653 1415 693 1445 T.
708 1414 740 1446 B.
754 1423 786 1446 ut
808 1416 866 1446 un‘a
881 1425 951 1446 curn
969 1415 1081 1447 Vicaria
1098 1425 1163 1454 per-

102 1467 185 1495 petua
203 1456 328 1488 Ecclesie
342 1456 517 1487 Parochialis
532 1456 568 1485 de
577 1453 853 1493 WooffordDiocesis
867 1454 1051 1494 wigorniensis
1063 1457 1162 1493 (quam

99 1497 153 1533 jam
174 1496 298 1530 obtinet)
318 1494 489 1525 Reffiioriam
508 1493 635 1525 Ecclesie
659 1492 830 1523 parochialis
853 1491 889 1522 de
909 1493 1069 1523 cornewall
1087 1494 1163 1523 Dio-

100 1533 166 1564 cefis
178 1532 337 1572 Oxonienst'r
357 1533 460 1570 (modo
478 1542 539 1562 non
556 1531 638 1562 distet
651 1542 667 1561 a
684 1529 794 1561 Vicaria
811 1531 937 1568 preditsta
951 1532 1021 1562 ultra
1036 1531 1164 1562 sexMii-

100 1571 186 1607 liaria)
209 1572 333 1607 recipere
347 1571 449 1608 possit,
469 1572 501 1601 &
519 1569 613 1607 quoad
632 1570 731 1600 vixerit
748 1570 875 1599 retinere.
913 1569 982 1599 Dat'
996 1579 1096 1608 quarto
1114 1571 1160 1601 die

101 1608 212 1640 Mensis
227 1611 302 1638 Maii
319 1608 408 1640 Anno
425 1609 546 1639 Domini
569 1608 661 1645 1627,
682 1609 716 1640 &
731 1607 933 1638 Transsationis
950 1608 1037 1638 Anno
1055 1618 1102 1647 17.

137 1646 341 1678 Confirmatio.
379 1646 469 1679 Teste
492 1646 577 1687 Rege
596 1646 669 1686 apud
693 1645 970 1686 Wcstmonasterium,
996 1656 1098 1684 quarto
1116 1647 1162 1678 die

103 1688 187 1717 Maii.

133 1762 248 1793 Thomas
263 1759 409 1801 Godwyn,
427 1756 576 1800 Clericus,
595 1760 626 1792 S.
640 1761 679 1792 T.
694 1761 728 1792 P.
744 1771 859 1793 necnon
883 1761 1056 1800 Capelianus
1078 1761 1162 1793 Sere-

97 1802 205 1832 niffimi
223 1801 347 1831 Domini
363 1800 470 1840 Regis,
488 1808 519 1831 ut
535 1802 590 1831 unii
603 1810 670 1830 cum
685 1800 823 1830 Re&oria
843 1799 969 1831 Eccleiie
992 1800 1164 1831 Parochialis

99 1839 137 1871 de
151 1838 265 1877 cradley
281 1839 413 1870 Diocesis
438 1837 578 1878 Hereford
592 1840 693 1876 (quarn
705 1839 765 1875 J'am
787 1839 911 1875 obtinet)
934 1839 1077 1870 vicariam
1100 1849 1164 1876 per-

98 1886 215 1916 petuam
242 1877 368 1908 Ecclesie
394 1877 569 1908 Parochialis
591 1877 627 1907 de
652 1875 789 1906 Trellickie
807 1876 937 1907 Diocefis
963 1877 1163 1917 Landavenfis

103 1916 209 1955 (modo
221 1925 281 1946 non
294 1915 376 1947 distet
393 1926 408 1946 a
423 1914 560 1946 Rectoria
575 1914 700 1959 predidia
714 1915 783 1946 ultra
797 1916 899 1953 viginti
914 1916 1007 1959 &tria
1017 1915 1163 1960 Milliaria)

102 1957 230 2024 ’[ΞἫΣΞ
244 1952 865 2029 iffi&ffississiffavlssefssc‘efi‘iiiiiatffi
877 1953 1059 2032 2²33?ssssoe
1075 1954 1164 1987 ΜΨ·

104 2005 341 2102 {fi-infirmatio.
379 2029 470 2063 Teste
493 2014 586 2070 Rege’
601 2030 676 2068 apud
706 2029 965 2070 Westmonasteriam
980 2054 990 2070 ‚
1013 2015 1096 2064 nono
1121 2033 1168 2065 die

146 2080 194 2101 an.

145 2148 287 2188 Johannex
305 2150 412 2189 Bayes',
428 2149 577 2188 Clericus,
593 2149 630 2182 A.
647 2150 694 2182 M.
712 2148 827 2181 necnon
842 2148 1012 2188 Capelianus
1035 2151 1171 2189 Francifti

108 2186 226 2219 Baronis
240 2192 387 2220 Deincourt
404 2189 423 2209 ¹*
440 2190 471 2219 de
486 2191 602 2226 Sutton,
620 2197 650 2220 ut
666 2189 720 2220 un¹a
745 2198 815 2220 cum
833 2188 947 2219 Vicaria
963 2197 1097 2227 perpetua
1112 2189 1171 2219 Ec-

110 2227 195 2258 clefie
213 2227 386 2259 parochialis
401 2228 437 2258 de
453 2225 583 2266 Tibfheffe
591 2226 830 2259 Diocefiscoven’
846 2227 880 2258 &
890 2226 1006 2257 Lichen’
1027 2228 1072 2265 (ad
1082 2237 1168 2265 quam

110 2265 286 2297 Presentatus
299 2267 351 2302 est)
369 2265 542 2296 Rectoriam
549 2265 674 2297 Ecclesie
683 2265 850 2297 Parochialis
861 2266 896 2296 de
912 2265 1030 2306 Pleafley
1046 2266 1170 2304 ejusdem

107 2302 240 2335 Diocefis
256 2304 360 2340 (modo
376 2314 437 2334 non
455 2304 538 2334 distet
552 2314 568 2334 a
583 2304 697 2335 vicaria
714 2303 838 2342 predieia
847 2304 916 2335 ultra
928 2303 1084 2334 duodecim
1100 2304 1173 2335 Mil-

108 2341 198 2378 liaria)
219 2344 342 2380 recipere
356 2342 456 2383 poffit,
474 2344 508 2374 &
522 2342 618 2381 quoad
628 2343 726 2373 vixerit
739 2343 865 2373 retinere.
884 2342 952 2373 Dat’
965 2342 1082 2373 decimo
1088 2352 1172 2382 quar-

109 2383 143 2411 {o
162 2380 209 2410 die
232 2380 340 2411 Mensis
360 2383 437 2411 Maii
461 2380 550 2411 Anno
571 2379 697 2412 Domini
721 2385 818 2419 1⁶27>
835 2382 868 2413 &
888 2380 1091 2414 ‘transsationis
1108 2381 1173 2413 An-

111 2427 353 2528 ?OCdliiiissrqmgtio.
383 2457 473 2488 Teste
488 2457 570 2498 Rege
582 2456 657 2497 apud
669 2455 942 2497 westmonasterium,
960 2456 1075 2490 decimo
1089 2467 1175 2498 quer-

122 2505 146 2526 0
180 2505 206 2526 le
259 2507 307 2526 au.

146 2571 263 2603 Thomas
276 2575 420 2610 Campion,
439 2572 587 2612 Clericus,
607 2573 642 2604 A.
660 2570 706 2603 M.
725 2582 842 2604 necnon
857 2570 1027 2612 Capelianus
1041 2576 1177 2614 prenobi-

62 2641 63 2644 ,
111 2610 146 2642 lis
163 2611 282 2642 Femine
294 2611 413 2641 Marthe
430 2610 585 2643 Comitiffe
598 2612 719 2642 Dotarie
733 2611 902 2650 Holdernes,
921 2621 952 2643 ut
966 2615 1021 2643 unii
1035 2624 1103 2645 cum
1114 2614 1173 2645 Re-

114 2649 205 2681 &oria
220 2648 349 2681 Ecclesie
357 2650 527 2680 parochialis
534 2650 570 2681 de
582 2650 760 2680 Harrowden
773 2661 872 2688 magna
886 2650 1017 2681 Diocesis
1031 2653 1176 2683 Petribur-

111 2687 198 2728 genfis
217 2689 227 2725 (
249 2698 315 2719 uam
324 2688 384 2725 jam
401 2688 523 2722 obtinet)
543 2688 712 2720 Rectoriam
726 2687 851 2718 Eccleiie
859 2688 1033 2720 Parochialis
1047 2690 1082 2720 de
1090 2694 1174 2720 Mon-

115 2734 164 2757 ton
180 2698 302 2764 ejuffiem
319 2726 449 2757 Diocefis
471 2727 574 2763 (modo
590 2737 650 2758 non
668 2726 752 2757 distet
765 2736 789 2770 ⁴a
805 2726 896 2757 Priori
913 2727 985 2758 ultra
1007 2729 1053 2759 sex
1071 2728 1178 2759 Millia-

115 2765 167 2802 ria)
186 2766 311 2803 recipere
349 2764 429 2802 offit,
449 2767 482 2797 &
497 2765 591 2804 quoad
605 2767 705 2796 vixerit
721 2774 850 2796 retinere.
869 2765 936 2795 Dat'
950 2767 1085 2797 vicesimo
1095 2767 1176 2799 oCia-

115 2812 158 2833 vo
178 2804 223 2834 die
245 2803 318 2834 Men
332 2812 353 2833 is
371 2802 447 2833 Maii
465 2804 554 2834 Anno
573 2803 695 2834 Domini
718 2804 812 2842 1627,
833 2804 866 2835 &
885 2803 1087 2837 Transsationis
1112 2807 1176 2838 An-

117 2847 159 2870 no
179 2851 191 2871 1
217 2865 224 2871 .

151 2850 355 2947 Cgiifflfflmerio.
373 2878 461 2911 Teste
470 2880 552 2920 Rege
569 2879 643 2920 apud
659 2878 933 2922 Waestmonasterium‚
948 2882 1085 2914 vicesimo
1094 2883 1175 2914 odia-

118 2925 160 2948 vo
193 2926 218 2947 le
286 2921 317 2948 η’.

160 2992 320 3023 Willielmus
332 2994 458 3035 Palmer‚
476 2995 622 3034 Clericus,
638 3005 752 3026 necnon
766 2995 937 3034 Capelianus
948 2997 1103 3035 prenobilis
1116 2998 1177 3029 Viri

119 3031 219 3062 Thome
231 3031 357 3062 Comitis
371 3034 472 3071 Berks,
490 3043 522 3064 ut
545 3035 600 3065 uffa
620 3044 689 3065 cum
705 3035 845 3065 Reecona
860 3034 986 3066 Eccleiie
1008 3036 1178 3067 Parochialis

119 3071 156 3101 de
169 3069 426 3112 Somerfordparvq
438 3071 567 3102 Diocesis
581 3076 679 3103 Sarum
700 3074 798 3111 (quam
815 3074 875 3111 jam
891 3074 1013 3111 obtinet)
1034 3074 1177 3105 vicariam

119 3117 285 3148 perpetuam
313 3108 437 3138 Eccleiie
462 3109 636 3140 Parochiaiis
659 3111 696 3140 de
715 3110 876 3141 Helmerton
902 3111 1023 3148 ejusdem
1048 3112 1178 3144 Diocesis

124 3147 229 3185 (modo
245 3156 304 3177 non
319 3146 402 3176 distet
416 3156 431 3175 a
447 3145 583 3178 Rectoria
599 3148 723 3186 predista
738 3149 810 3180 ultra
822 3150 894 3180 ocio
912 3149 1054 3185 Milliaria)
1073 3152 1180 3189 recipe-

123 3195 156 3216 re
172 3185 276 3226 poffit,
294 3185 328 3216 &
341 3185 437 3221 quoad
452 3185 554 3215 vixerit
567 3187 695 3217 retinere.
715 3187 783 3218 Dat’
793 3189 933 3219 vicesimo
946 3189 1023 3219 sexto
1037 3189 1083 3220 die
1092 3189 1181 3222 Men-

124 3224 159 3254 sis
173 3226 247 3253 Maii
261 3224 330 3253 Ano
345 3223 470 3254 Domini
489 3223 584 3261 1627,
602 3224 635 3255 &
649 3224 851 3256 Transsarionis
866 3227 955 3257 Anno
973 3236 1019 3265 17.

122 3261 366 3332 &Congrmffliq
399 3261 491 3293 Teste
510 3261 593 3301 Rege
611 3263 684 3301 apud
701 3263 975 3305 Wefi‘monasterium,
991 3266 1131 3298 vicefimo
1148 3277 1182 3299 0-

155 3310 210 3332 avo
247 3309 273 3330 ie
328 3311 375 3330 an.

161 3381 277 3416 Ragerus
294 3375 432 3413 Gallara',
447 3375 594 3419 Clericus,
613 3377 649 3409 A.
665 3377 712 3408 M.
729 3388 842 3411 necnon
852 3379 1020 3418 Capelianus
1034 3383 1183 3414 honoran-

126 3417 158 3448 di
172 3416 235 3448 Viri
256 3416 395 3446 Edwardi
416 3413 606 3445 vicecomitis
628 3417 811 3456 Mandevile,
828 3426 859 3448 ut
874 3420 931 3450 unii
954 3431 1024 3451 cum
1041 3422 1180 3453 Recitoria

126 3454 257 3487 Ecclesie
279 3453 454 3497 parochialis
482 3453 519 3483 de
542 3452 686 3492 Afhewell
708 3455 809 3495 Thorpe
834 3456 964 3488 Diocefis
993 3461 1178 3501 Norwicenfis

126 3495 227 3564 gquam
239 3494 301 3531 jam
313 3491 437 3527 obtinet)
459 3490 630 3522 Redioriam
646 3492 770 3524 Eccleiie
792 3493 962 3526 Parochialis
978 3497 1014 3528 de
1036 3500 1181 3536 Wrening-

147 3544 191 3562 am
210 3543 267 3562 cum
282 3530 421 3569 Nayland
432 3528 556 3572 ejusdem
571 3529 699 3561 Diocesis
718 3532 821 3567 (modo
835 3543 894 3564 non
903 3535 986 3566 distet
1002 3547 1017 3567 a
1035 3538 1121 3574 priori
1139 3538 1181 3568 ul-

128 3580 171 3603 tra
190 3571 249 3601 duo
263 3568 407 3604 Milliaria)
428 3577 552 3604 recipere
566 3568 667 3606 poffit‚
686 3571 718 3601 ὃς
732 3571 825 3608 quoad
840 3573 939 3603 vixerit
956 3575 1085 3605 retinere.
1109 3574 1179 3606 Dat’

128 3610 244 3678 {iaecimo
259 3610 368 3676 (Ᾰὸὶενο
380 3607 426 3637 die
445 3605 553 3636 Mensis
566 3605 649 3644 Junii
666 3607 754 3638 Anno
768 3608 895 3641 Domini
914 3612 1008 3651 1627,
1027 3614 1060 3644 &
1073 3613 1183 3644 Trans-

156 3656 240 3678 nonis
289 3656 348 3676 nno
365 3654 409 3684 17.

168 3684 372 3715 Confirmatio.
392 3681 481 3714 Teste
495 3681 580 3720 Rege
593 3682 667 3721 apud
684 3683 953 3726 Weslmonasterium,
971 3687 1088 3720 decimo
1103 3690 1187 3722 oe‘ta-

129 3731 170 3764 vo
186 3722 231 3753 die
246 3723 345 3762 Junii.

172 3796 288 3828 Thomas
306 3801 419 3836 Lever,
437 3797 586 3835 Clericus,
604 3796 676 3828 ΑΒ.
691 3807 804 3830 necnon
821 3799 978 3832 serenissimi
996 3802 1188 3834 DominiRe-

136 3836 180 3877 gis
194 3834 358 3873 Capelianus
393 3846 423 3867 ut
438 3839 491 3867 unii
506 3846 575 3867 cum
592 3835 703 3866 vicaria
723 3847 854 3874 perpetua
876 3838 1002 3870 Ecclesie
1017 3840 1189 3874 Parochiaiis

137 3878 173 3904 de
189 3876 351 3910 Lemington
365 3861 495 3906 Diocesis
510 3874 610 3905 coven'
624 3876 657 3907 &
673 3875 783 3905 Lichen⁷
802 3878 899 3914 (quam
911 3878 972 3914 jam
989 3880 1111 3915 obtinet)
1129 3881 1189 3911 Re-

137 3912 260 3945 c‘ioriam
276 3911 403 3942 Ecclefie
415 3913 588 3944 Parochialis
610 3913 645 3944 de
660 3913 804 3953 Bramston
826 3915 956 3945 Diocesis
979 3918 1191 3959 Petriburgenſss

138 3949 241 3989 (modo
254 3958 316 3978 non
333 3949 416 3979 distet
433 3961 449 3980 a
462 3952 571 3982 Vicaria
581 3951 706 3996 predi&a
724 3957 793 3982 ultra
807 3953 1030 3989 quatuordecem
1044 3955 1189 3993 Milliaria)

1253 335 1536 382 Fr-ancifius-Po-tter,
1552 338 1581 368 S.
1596 339 1636 382 T.
1652 340 1683 370 B.
1699 350 1730 371 ut
1744 343 1797 372 unii
1812 353 1879 373 cum
1896 344 2034 377 Rectoria
2044 346 2169 377 Ecclefie
2183 346 2273 377 Pard-

1217 374 1314 418 chislrs
1327 375 1363 405 de
1381 374 1554 418 Kilmmgton
1569 376 1698 408 Diocesis
1710 380 1901 422 Bathonieustf
1915 384 1947 413 ὅ(
1956 385 2089 424 Wellensts
2108 385 2270 423 (quarnjam

1214 413 1335 449 obtinet)
1357 413 1497 443 vicariam
1514 422 1678 457 perpetuam
1697 416 1823 449 Ecclcfie
1840 420 2011 452 Parochialis
2025 424 2061 454 de
2082 426 2174 452 Meere
2191 423 2269 454 Dio-

1215 452 1282 494 eesis
1295 454 1393 481 Sarum
1409 450 1512 485 <modo
1529 461 1587 480 non
1604 451 1685 483 distet
1700 464 1714 483 a
1730 454 1865 486 Recioria
1880 460 2003 495 predieia
2018 462 2087 490 ultra
2100 462 2143 492 sex
2160 460 2263 492 Millia-

1215 490 1264 525 ria)
1283 491 1407 527 recipere
1422 488 1506 526 possit
1521 489 1554 518 &
1571 490 1664 526 quoad
1686 492 1785 522 vixerit
1806 496 1930 526 retinere.
1968 498 2035 528 Dat'
2052 499 2168 529 decimo
2186 500 2265 530 orsta-

1214 537 1254 557 vo
1269 527 1314 558 die
1327 527 1433 558 Mensis
1445 526 1563 566 Augusti
1582 527 1670 558 Anno
1686 527 1807 560 Domini
1826 535 1899 569 1627
1910 556 1919 569 ,
1937 535 1969 565 δε
1988 536 2187 568 Transsationis
2202 538 2264 569 Αῃἓ

1210 575 1251 596 no
1274 574 1317 603 ¹7·

1256 603 1458 635 Confirmatio.
1499 602 1590 635 Teste
1617 602 1701 643 Rege.-
1723 605 1796 643 apud
1821 607 1946 644 Canbury
1972 611 2108 642 vicefirno
2132 613 2177 644 die
2200 616 2267 644 Αιιξ

1207 642 1285 681 gusti.

1246 720 1399 751 Timotheus
1414 723 1522 758 Revet‚
1538 719 1684 759 Clericus,
1704 720 1734 750 S.
1749 720 1790 750 T.
1805 719 1839 750 P.
1854 730 1885 752 ut
1901 723 1956 752 unEr
1973 733 2042 754 cum
2058 724 2189 759 Reeroria
2203 728 2263 760 Ec„

1210 758 1292 790 cleiie
1307 759 1480 789 Parochialis
1494 759 1530 790 de
1544 763 1672 797 compton
1686 761 1800 789 Marti‘n
1808 758 2134 802 DiocesisBathonieiifis
2147 767 2179 796 ὃς
2190 767 2260 796 Wel..

1208 795 1288 836 lenfis
1308 798 1406 865 (tzuam
1419 798 1478 835 jam
1491 798 1616 834 obtinet)
1638 797 1780 827 vicariam
1797 806 1958 835 perpetuam
1974 799 2097 830 Ecclesie
2113 802 2262 834 parochia„

1207 835 1241 865 lis
1256 836 1292 866 de
1305 839 1328 865 C
1346 836 1426 865 edder
1441 835 1563 874 ejusdem
1579 835 1709 866 Diocefis
1726 836 1832 873 (modo
1846 846 1905 866 non
1920 837 2002 868 distet
2017 848 2031 867 a
2050 838 2183 870 Reciona
2198 850 2260 877 pre-

1209 873 1285 904 dieta
1299 875 1366 904 ultra
1379 874 1423 904 sex
1441 873 1581 911 Milliaria)
1597 875 1721 911 recipere
1739 874 1838 912 poffit,
1856 876 1889 905 &
1903 876 1997 912 quoad
2012 877 2113 908 vixerit
2136 879 2262 910 retinere.

1206 910 1274 980 113³?
1289 912 1413 981 ἰςευὲάο
1428 913 1475 943 die
1484 911 1593 943 Mensis
1603 912 1761 951 Septembris
1769 912 1858 944 Anno
1871 912 1997 943 Domini
2009 913 2080 954 1627
2090 938 2101 953 ,
2115 916 2264 947 &Trans-

1221 958 1322 980 atronis
1375 960 1434 980 nno
1451 959 1498 989 17.

1207 1026 1224 1056 ὁ
1241 987 1442 1033 Confirmatio.
1477 988 1566 1020 Teste
1593 988 1675 1028 Rege
1698 988 1775 1027 apud
1799 989 1946 1029 Canbury,
1971 991 2056 1023 tertio
2078 991 2123 1023 die
2146 996 2265 1032 Septemq

1226 1037 1271 1056 ΥΠ.

1244 1103 1362 1142 Griffi'th
1379 1105 1544 1145 Pritchard,
1559 1106 1705 1145 Clericus,
1727 1105 1765 1137 A.
1786 1106 1833 1137 M.
1849 1117 1965 1139 necnon
1978 1106 2146 1146 Capelianus
2161 1118 2265 1146 pretiom

1207 1141 1271 1172 bilis
1289 1142 1349 1172 Viri
1367 1144 1511 1173 Willielmi
1531 1145 1655 1175 Comitis
1666 1145 1817 1184 Banbury,
1836 1155 1868 1176 ut
1885 1148 1939 1176 unii
1955 1156 2021 1176 curn
2040 1145 2152 1177 Vicaria
2168 1156 2265 1186 perpe-

1206 1188 1253 1210 tua
1269 1180 1396 1211 Ecclesie
1410 1182 1581 1212 Parocliialis
1597 1183 1632 1213 de
1646 1183 1774 1220 Denergh
1789 1186 1851 1215 alias
1866 1184 2024 1214 Llandrillo
2039 1184 2169 1215 Dioceiis
2177 1187 2265 1226 Affa-

1201 1219 1311 1259 phenfis
1338 1221 1434 1258 (quam
1456 1222 1514 1258 jam
1540 1221 1665 1257 obtinet)
1688 1222 1855 1252 Recioriam
1881 1223 2007 1253 Ecclelie
2037 1224 2206 1254 Parochialis
2229 1226 2265 1256 de

1208 1257 1445 1295 Llanganhavall
1461 1258 1524 1288 alias
1538 1258 1771 1289 Llankmhavall
1785 1262 1815 1290 in
1831 1259 1981 1291 Comitatu
1999 1261 2125 1298 Denbigh
2138 1264 2170 1293 ὃς
2186 1263 2264 1293 Dio-

1205 1297 1272 1327 cefis
1286 1296 1450 1335 Bangorenfi
1469 1298 1574 1333 (modo
1592 1307 1650 1327 non
1666 1298 1748 1327 distet
1762 1309 1777 1328 a
1795 1299 1904 1329 Vicaria
1918 1301 2042 1338 prediCta
2058 1301 2127 1331 ultra
2142 1301 2265 1339 septem·-

1203 1335 1301 1365 decim
1317 1335 1461 1372 Milliaria)
1483 1337 1608 1373 recipere
1626 1335 1725 1373 poffit,
1744 1338 1777 1368 &
1791 1338 1884 1374 quoad
1901 1340 2002 1368 vixerit
2024 1341 2152 1370 retinere.
2192 1340 2264 1371 Dat'

1205 1373 1309 1442 :ixltimo
1323 1373 1367 1404 die
1383 1372 1491 1404 Mensis
1508 1373 1627 1412 Augusti
1647 1374 1734 1404 Anno
1751 1374 1878 1405 Domini
1898 1376 1993 1414 1627,
2008 1378 2041 1408 ὃς
2061 1377 2265 1410 Transsationis

1235 1421 1295 1442 nno
1311 1421 1356 1450 17.

1204 1488 1220 1518 b
1240 1449 1444 1495 Confirmatio.
1481 1449 1572 1482 Teste
1590 1450 1672 1490 Rege
1697 1451 1771 1491 apud
1793 1451 1920 1492 Canbury
1942 1452 2061 1485 decimo
2084 1454 2130 1486 die
2148 1457 2268 1494 Septem-

1223 1500 1269 1519 ΤΠ.

1237 1567 1384 1607 Johannes
1399 1566 1548 1606 Pricloard,
1568 1566 1716 1608 Clericus,
1739 1569 1775 1600 A.
1799 1568 1846 1600 M.
1869 1579 1983 1601 necnon
2006 1569 2173 1608 Capelianus
2197 1581 2262 1610 pre-

1201 1608 1304 1636 nobilis
1321 1606 1381 1637 Viri
1400 1607 1539 1635 Edwardi
1556 1606 1680 1637 Comitis
1696 1612 1729 1635 W
1733 1608 1900 1647 igornienfis,
1915 1619 1948 1640 ac
1965 1610 2071 1640 Privati
2088 1611 2179 1647 Sigilli
2196 1612 2262 1641 Do·-

1201 1646 1273 1675 mini
1290 1644 1379 1684 Regis
1394 1644 1541 1681 Custodis,
1558 1654 1587 1675 ut
1604 1648 1658 1675 uns
1674 1655 1742 1676 cum
1762 1646 1875 1677 Vicaria
1890 1657 2023 1686 perpetua
2037 1647 2161 1679 Ecclesie
2175 1649 2265 1680 Paro-

1201 1682 1299 1713 chialis
1313 1684 1349 1713 de
1363 1687 1489 1713 Steinton
1504 1682 1633 1712 Diocefis
1649 1685 1821 1724 Menevenfis
1843 1686 1851 1722 (
1878 1696 1942 1716 uam
1954 1687 2016 1724 jam
2030 1688 2155 1724 obtinet)
2176 1688 2263 1719 Vica-

1198 1722 1270 1752 riam
1284 1730 1446 1759 perpetuam
1462 1720 1587 1763 Ecclesie
1601 1721 1771 1764 parochialis
1786 1723 1821 1752 de
1835 1696 2043 1763 LCianstadwe-ll
2051 1726 2176 1762 ejusdem
2186 1726 2262 1756 Dio-

1200 1759 1304 1791 cesisi⁴⁸
1316 1759 1406 1790 modo
1414 1769 1475 1788 non
1491 1758 1574 1788 distet
1589 1769 1604 1788 a
1623 1761 1709 1795 priori
1723 1760 1793 1790 ultra
1804 1761 1960 1793 duodecim
1975 1762 2117 1799 Milliari'a)
2138 1765 2262 1802 recipere
2285 1772 2416 1802 *xvlu

1202 1797 1303 1836 poffir,
1322 1798 1355 1829 ὅ(
1369 1797 1464 1835 quoad
1479 1797 1579 1840 vixerit
1593 1798 1722 1828 retinere.
1760 1797 1829 1829 Dat’
1841 1800 1947 1831 ostavo
1962 1801 2008 1831 die
2021 1800 2130 1833 Mensis
2145 1806 2262 1842 Septem-
2284 1820 2366 1848 1005⁴¹
2410 1797 2417 1805 “

1202 1837 1258 1866 bris
1273 1836 1361 1867 Anno
1377 1836 1498 1865 Domini
1516 1835 1590 1872 1627
1600 1857 1609 1872 ,
1629 1836 1663 1867 δε
1677 1835 1880 1867 Transsationis
1895 1839 1985 1869 Anno
2005 1847 2050 1877 17.
2360 1847 2362 1849 ’

1205 1913 1221 1944 b
1237 1874 1442 1906 Confirmatio.
1477 1873 1565 1905 Teste
1581 1873 1663 1913 Rege
1684 1875 1758 1914 apud
1772 1875 1918 1918 Canbury,
1936 1877 2054 1910 decimo
2075 1878 2122 1910 die
2142 1882 2263 1920 Septem-⁴

1222 1924 1269 1945 νυ.

1242 1992 1376 2024 Robertus
1395 1996 1534 2032 Browne,
1550 1992 1702 2031 Clericus,
1722 1992 1760 2023 A.
1777 1992 1826 2025 Μ.
1845 2003 1960 2026 necnon
1978 1995 2147 2035 Capelianus
2163 2002 2269 2037 prenoss

1202 2031 1266 2062 bilis
1285 2032 1344 2062 Viri
1362 2031 1508 2062 Willielmi
1523 2031 1648 2063 Comitis
1661 2031 1781 2070 Derbie,
1801 2042 1832 2064 ut
1847 2035 1902 2064 un&
1917 2044 1985 2065 cum
2003 2035 2114 2068 Vicaria
2128 2046 2264 2076 perpetua

1203 2068 1331 2101 Ecclefie
1344 2071 1517 2101 Parochialis
1538 2071 1574 2101 de
1588 2070 1757 2108 Cardington
1780 2070 1913 2102 Diocesis
1935 2073 2076 2112 Hereford
2086 2078 2188 2112 (quam
2205 2076 2268 2114 jam

1206 2109 1329 2146 obtinet)
1351 2108 1519 2139 Rectoriam
1537 2109 1665 2140 Ecclesie
1688 2109 1860 2140 Parochialis
1877 2111 1912 2141 de
1931 2111 2125 2151 Wistanstowe
2143 2114 2268 2151 ejusdem

1205 2147 1334 2178 Diocesis
1351 2148 1455 2184 (modo
1467 2157 1528 2177 non
1543 2144 1628 2178 distet
1642 2158 1657 2178 a
1674 2147 1786 2178 vicaria
1803 2148 1928 2186 predic'ia
1944 2150 2013 2181 ultra
2034 2154 2137 2182 decem
2159 2151 2269 2183 Millia-

1205 2186 1254 2222 ria)
1276 2189 1399 2224 recipere
1414 2185 1497 2223 poffit
1513 2186 1546 2216 δε
1561 2185 1656 2223 quoad
1677 2186 1779 2216 vixerit
1801 2189 1927 2218 retinere.
1964 2187 2035 2219 Dat'
2050 2190 2187 2220 vicesimo
2207 2190 2269 2221 sex-

1205 2232 1237 2293 ῑᾸ)
1256 2225 1301 2255 die
1326 2224 1435 2255 Mensis
1458 2225 1616 2263 Septembris
1636 2225 1726 2255 Anno
1744 2224 1869 2255 Domini
1896 2225 1990 2265 1627,
2009 2228 2043 2259 δε
2064 2227 2269 2260 Transsationis

1234 2273 1294 2294 nno
1317 2273 1331 2294 1
1357 2286 1363 2292 .

1241 2272 1447 2332 CorifiZmatio.
1473 2300 1562 2332 Teste
1576 2300 1660 2342 Rege
1673 2301 1748 2340 apud
1762 2300 2018 2343 Wstmonasterium
2027 2326 2037 2343 ,
2055 2305 2194 2338 vicesimo
2208 2306 2273 2344 sep-⁴

1205 2341 1281 2372 timo
1295 2340 1341 2371 die
1357 2339 1526 2380 Septembris.

1244 2420 1372 2455 Georgius
1392 2418 1517 2456 Parker,
1542 2415 1688 2458 Clericus,
1705 2418 1735 2449 S.
1751 2419 1793 2450 T.
1809 2419 1839 2450 Β.
1855 2426 1886 2450 ut
1907 2422 1962 2451 un*a
1981 2430 2050 2451 curn
2073 2419 2184 2453 Vicaria
2205 2425 2271 2460 ρει-ε’

1206 2466 1290 2496 petua
1306 2457 1431 2488 Ecclesie
1447 2457 1619 2488 parochialis
1633 2457 1668 2487 de
1682 2457 1772 2497 Orbye
1795 2458 1926 2489 Diocesis
1950 2459 2143 2499 Lincolnienfis
2164 2462 2265 2498 (quarn

1204 2498 1264 2536 jam
1279 2496 1405 2531 obtinet)
1425 2495 1594 2526 Rectoriam
1609 2494 1736 2525 Ecclesie
1751 2495 1921 2527 Parochialis
1941 2497 1976 2528 de
1992 2501 2173 2535 Bunnington
2187 2498 2272 2538 ficper

1208 2537 1299 2564 Baine
1315 2534 1439 2572 ejusdem
1454 2533 1583 2563 Diocefis
1599 2534 1703 2570 (modo
1717 2544 1778 2564 non
1799 2534 1883 2565 distet
1898 2545 1913 2566 a
1928 2535 2040 2566 vicaria
2057 2537 2182 2575 predicta
2200 2539 2271 2567 ultra

1210 2573 1352 2605 sexdecim
1365 2571 1509 2609 Milliaria)
1531 2574 1586 2603 reci
1607 2581 1653 2601 ere
1664 2571 1793 2610 possit&
1809 2573 1903 2610 quoad
1923 2575 2023 2604 vixerit
2039 2576 2167 2606 retinere.
2204 2575 2273 2606 Dat’

1211 2611 1349 2643 vicesimo
1363 2611 1484 2647 septimo
1496 2610 1540 2642 die
1559 2581 1669 2641 islensis
1687 2611 1846 2648 Septembris
1864 2611 1954 2643 Anno
1972 2612 2101 2644 Domini
2124 2614 2220 2653 1627,
2238 2614 2273 2644 ὅς

1210 2649 1414 2683 Transsationis
1432 2651 1520 2680 Anno
1541 2657 1587 2686 17.

1247 2687 1453 2719 Confirmatio.
1490 2686 1579 2718 Teste
1592 2685 1675 2726 Rege
1687 2685 1760 2725 apud
1784 2686 2061 2729 Westmonasterium,
2076 2690 2215 2723 vicesimo
2238 2700 2275 2722 o·

1211 2728 1295 2759 &avo
1310 2726 1354 2758 die
1368 2724 1534 2756 Decembris.

1244 2801 1400 2843 Francifius
1416 2802 1512 2841 Webb,
1531 2802 1680 2841 Clericus,
1700 2802 1736 2833 A.
1756 2803 1803 2834 M.
1820 2814 1934 2835 necnon
1951 2805 2119 2842 Capelianus
2140 2807 2272 2845 prenobi-

1213 2844 1247 2875 lis
1261 2842 1324 2873 Viri
1337 2841 1476 2882 Theophili
1491 2841 1618 2872 Comitis
1632 2841 1769 2880 Suffolcie,
1786 2852 1817 2873 ut
1832 2845 1886 2873 un'a
1900 2853 1968 2874 cum
1986 2844 2124 2875 Recioria
2146 2845 2274 2876 Ecclesie

1210 2882 1382 2914 Parochialis
1402 2882 1438 2911 de
1455 2879 1628 2919 Pagglefham
1647 2880 1779 2911 Diocesis
1805 2881 1931 2911 London’
1956 2885 2055 2920 (quam
2067 2884 2126 2921 jam
2146 2885 2270 2920 obtineo

1211 2920 1379 2951 Redioriam
1395 2919 1520 2950 Eccleiie
1534 2919 1707 2950 Parochialis
1722 2919 1757 2949 de
1773 2919 1923 2949 Wodham
1935 2923 2046 2957 Ferryes
2058 2921 2180 2959 ejusdem
2195 2922 2273 2952 Dio-

1210 2959 1278 2990 ceris
1299 2958 1402 2996 (modo
1425 2966 1485 2987 non
1505 2956 1588 2987 distet
1613 2966 1628 2986 a
1652 2958 1738 2993 priori
1766 2957 1836 2987 ultra
1855 2958 1957 2989 decem
1982 2959 2126 2997 Milliaria)
2147 2961 2271 2997 recipere

1210 2997 1312 3036 poffit,
1333 2997 1365 3027 δε
1380 2995 1475 3032 quoad
1495 2995 1594 3026 vixerit
1612 2996 1737 3025 retinere.
1776 2995 1846 3026 Dat’
1864 2997 1988 3027 secundo
2001 2998 2048 3028 die
2063 2998 2171 3030 Mensis
2186 3000 2269 3029 Οὲἶο-

1209 3036 1265 3067 bris
1282 3036 1372 3067 Anno
1388 3034 1521 3064 Domino
1541 3033 1613 3064 1627
1624 3055 1633 3071 ,
1648 3034 1681 3064 &
1698 3033 1904 3065 Transsationis
1920 3036 2007 3066 Anno
2028 3044 2073 3073 17.

1249 3072 1448 3142 Confirmatio.
1485 3071 1576 3103 Teste
1601 3071 1683 3111 Rege
1707 3072 1781 3110 apud
1802 3072 2076 3114 westmonasterium,
2101 3082 2199 3113 quarto
2223 3073 2268 3105 die

1213 3113 1282 3143 0520
1300 3115 1349 3142 ris.

1251 3187 1358 3220 Daniel
1368 3186 1581 3226 Harfinanden,
1600 3186 1747 3227 Clericus,
1773 3188 1804 3219 S.
1819 3189 1859 3220 T.
1875 3189 1909 3221 P.
1933 3199 1965 3221 ut
1987 3190 2044 3221 un*a
2064 3198 2133 3220 cum
2158 3189 2272 3221 Vicaria

1217 3236 1354 3268 perpetua
1367 3226 1495 3258 Ecclefie
1509 3225 1682 3257 Parochialis
1695 3226 1732 3257 de
1747 3228 1899 3267 Goudhurll
1919 3228 2046 3259 Diocesis
2068 3228 2271 3267 cantuarienfic

1214 3272 1315 3305 (quam
1334 3266 1397 3305 jam
1413 3265 1537 3299 obtinet)
1563 3263 1730 3296 Rectoriam
1754 3265 1880 3298 Ecclesie
1903 3265 2071 3298 Parochialis
2091 3265 2127 3296 de
2146 3266 2271 3297 Ulcombe

1215 3305 1340 3344 ejusdem
1355 3303 1486 3335 Diocesis
1502 3302 1607 3337 (modo
1621 3313 1681 3334 non
1695 3303 1779 3335 distet
1796 3315 1812 3336 a
1830 3305 1940 3336 vicaria
1953 3304 2077 3342 predicta
2090 3304 2161 3335 ultra
2173 3305 2272 3336 sexde-

1217 3353 1286 3377 cem
1301 3342 1435 3373 Milliaria
1448 3341 1496 3373 vel
1508 3350 1544 3371 eo
1559 3342 1684 3377 circiter)
1704 3344 1827 3380 recipere
1841 3342 1942 3381 possit,
1962 3343 1994 3372 &
2009 3341 2102 3379 quoad
2110 3344 2213 3374 vixerit
2226 3353 2270 3374 re-

1215 3385 1316 3414 tinere.
1354 3380 1423 3411 Dat'
1436 3380 1537 3418 quinto
1550 3379 1597 3411 die
1611 3379 1719 3411 Mensis
1736 3381 1859 3411 Ostobris
1875 3381 1962 3410 Anno
1976 3379 2102 3411 Domini
2120 3381 2197 3419 1627
2207 3404 2218 3420 ,
2235 3383 2271 3414 ὃς

1216 3419 1422 3452 Transsationis
1436 3419 1526 3449 Anno
1544 3426 1592 3455 17.

1251 3457 1454 3528 Conbfirmatio.
1492 3455 1583 3488 Teste
1602 3455 1683 3496 Rege
1702 3457 1777 3496 apud
1795 3455 2071 3496 Wstmonasterium,
2093 3457 2201 3490 oetavo
2225 3456 2272 3490 die

1214 3501 1312 3529 Decem
1332 3499 1378 3527 ris.
2143 3517 2148 3523 .

1253 3576 1332 3612 Hugo
1350 3571 1504 3613 Robinson,
1524 3571 1671 3610 Clericus,
1685 3571 1715 3602 S.
1729 3571 1769 3602 T.
1780 3571 1812 3601 P.
1825 3579 1856 3601 ut
1872 3572 1927 3601 unii
1942 3580 2011 3603 cum
2023 3571 2158 3603 Ree‘toria
2170 3572 2274 3605 Eccle-

1218 3612 1255 3643 sie
1271 3612 1442 3644 Parochialis
1457 3613 1493 3642 de
1508 3614 1601 3651 Byton
1625 3610 1757 3641 Diocesis
1782 3609 1977 3650 W'intonienfis
1996 3612 2093 3648 (quam
2114 3612 2175 3649 jam
2197 3612 2273 3642 obti-

1220 3652 1282 3688 net)
1303 3650 1470 3681 Reeroriam
1486 3649 1612 3680 Ecclesie
1634 3648 1805 3679 parochialis
1821 3649 1856 3678 de
1878 3647 2023 3685 sillington
2049 3649 2180 3680 Diocesis
2201 3653 2276 3680 Cice-

1216 3689 1331 3730 strienfis
1352 3689 1455 3725 (modo
1471 3698 1529 3718 non
1544 3687 1626 3718 distet
1643 3697 1657 3716 a
1673 3687 1760 3724 priori
1774 3686 1842 3716 ultra
1852 3687 1958 3729 ⁴viginti
1973 3688 2005 3729 &c
2019 3686 2064 3717 sex
2081 3686 2216 3718 Milliaria
2232 3687 2278 3719 vel

1220 3739 1258 3759 eo
1275 3728 1396 3762 circiter)
1417 3727 1474 3757 reci
1494 3736 1540 3757 ere
1554 3724 1652 3763 poffir,
1671 3726 1704 3755 &
1723 3725 1815 3761 quoad
1830 3726 1930 3754 vixerit
1945 3733 2070 3755 retinere.
2108 3725 2179 3756 Dat'
2199 3726 2279 3757 deci-

1221 3775 1273 3797 mo
1289 3767 1367 3796 sexto
1386 3764 1431 3795 die
1487 3764 1557 3795 enfis
1575 3762 1698 3792 octobris
1716 3764 1804 3793 Anno
1830 3761 1953 3792 Domini
1983 3763 2081 3801 1627,
2099 3764 2133 3795 &
2147 3764 2282 3797 Transsa-

1233 3805 1303 3835 ionis
1324 3805 1413 3834 Anno
1434 3811 1446 3831 1
1474 3826 1480 3832 .

1220 3813 1231 3836 t
1259 3811 1469 3872 Confirmatio.7
1498 3838 1587 3869 Teste
1609 3837 1691 3877 Rege
1714 3837 1788 3876 apud
1804 3837 2084 3879 PWllmonasterinm,
2100 3840 2218 3872 decimo
2236 3841 2285 3873 die

1225 3881 1357 3911 Ollohris.

1264 3955 1409 3995 Johannes
1422 3957 1507 3991 Sout,
1525 3952 1672 3989 Clericus,
1694 3951 1729 3982 A.
1748 3951 1797 3983 M.
1815 3962 1931 3984 necnon
1947 3953 2113 3993 Capelianus
2130 3958 2287 3995 prenobilis

139 3989 265 4026 recipere
287 3987 387 4024 possit,
412 3988 444 4018 &
468 3990 562 4027 quoad
582 3991 681 4022 vixerit
703 3992 827 4022 retinere.
867 3989 934 4022 Dat'
952 3992 1128 4025 duodecimo
1147 3996 1192 4026 die
1232 3995 1295 4026 Viri
1311 3993 1450 4031 Johanm's
1466 3991 1588 4022 Domini
1603 3993 1646 4021 St.
1660 3989 1739 4030 John
1761 3991 1793 4021 do
1808 3991 1926 4031 Bafing,
1943 3994 1976 4025 ὃς
1995 3994 2175 4026 Marchionis
2200 3999 2285 4025 nin-

136 4068 142 4072 -
183 4026 413 4059 Tom.V111.P.
431 4028 473 4057 H.

1710 4028 1738 4059 li
1758 4039 1776 4060 2
2147 4032 2289 4072 tomensis„
