2536 4255
205 83 256 121 86>

67 168 141 200 Ann.
156 166 200 198 D.
215 169 255 200 &i
276 163 404 196 Gulielmi
419 159 515 192 Laude
534 156 743 196 Supplicationi
758 154 948 186 favorabiliter
964 152 1108 191 inclinati,
1126 162 1159 183 ac
1173 152 1273 182 volen-

88 205 172 237 1026.
214 218 257 239 tes
271 204 348 244 quod
366 202 419 239 ipie
434 200 534 229 statum
550 198 633 227 suum
651 197 721 226 'uxta
737 192 1088 237 pontificalis-Dignitatis
1099 192 1273 231 exigentiam

67 250 118 273 An.
136 255 161 272 2·
214 247 349 276 decenter
365 248 459 271 tenere
473 235 568 274 poffit,
584 235 619 266 de
665 235 731 265 ratia
744 233 839 264 nostra
850 232 971 270 speciali,
987 241 1020 262 ac
1034 240 1068 262 ex
1084 240 1160 261 certa
1173 229 1274 260 Scien-

67 288 131 312 Car.
152 292 175 311 i.
215 286 254 316 tia
268 283 395 313 &mero
410 276 500 307 Motu
517 273 619 305 nostris
632 274 665 304 ὃ(
680 281 716 304 ex
733 272 827 302 nostre
842 269 991 302 Potestatis
1005 270 1079 309 regie
1092 268 1274 299 Plenitudine

68 674 204 703 ·xv111.

68 723 131 750 75¹·

71 1637 150 1670 Anti.
166 1635 209 1666 D.'

101 1676 184 1706 1626.

70 1720 122 1743 An.
142 1725 167 1744 2.

70 1759 135 1781 Car.
157 1763 180 1781 i.

70 1796 128 1820 Pae.
148 1802 173 1819 2.

72 1836 134 1859 Car.
155 1841 178 1858 ι.

70 1877 96 1907 p.
121 1879 162 1906 ¹3-

71 1919 96 1935 η.
122 1918 162 1944 ¹4·

72 1947 134 1984 dors.

84 2845 219 2872 ‘xvim

85 2893 149 2919 75².

214 323 315 361 pariter
329 319 360 349 ὃς
377 314 556 352 Prerogativa
569 312 688 350 nostris,
705 310 898 342 concessimus
914 310 947 341 ὃς
958 309 1116 339 Licentiam
1133 306 1274 343 dedimus,

215 371 250 392 ac
267 368 319 396 pso
339 355 421 385 nobis
436 349 862 383 Heredibus&Succefforibus
876 347 980 378 nostris
993 357 1041 386 per
1049 346 1274 377 Presentescon-

213 399 355 432 cedimuS,
374 402 407 422 ac
420 392 580 422 Licentiam
595 390 695 421 damus
707 388 815 427 prefato
831 386 964 417 Gulielmo
977 386 1092 422 Laude,
1107 386 1136 414 in
1153 383 1272 422 Episco-

215 446 286 476 pum
309 430 433 462 Bathon‘
447 432 480 462 &
496 428 608 460 Wellen'
627 428 751 459 electum
768 428 802 458 &
820 425 999 462 transsatum,
1015 425 1093 463 quod
1109 422 1183 460 ipse,
1202 431 1272 452 una-

214 484 283 506 cum
298 472 379 501 dieto
397 469 502 507 Episco
538 476 568 498 tu
584 465 765 507 Bathonienfi
776 466 808 496 ὃ(
825 464 968 504 Wllenfi,
988 463 1202 494 Canonicatum
1216 460 1272 490 sive

214 510 394 545 Prehendam
412 509 486 539 infra
511 507 650 537 'eclesiam
659 504 787 536 nostram
794 503 984 541 Collegiatam
992 502 1067 532 beati
1074 502 1150 530 Petri
1157 497 1274 537 Westm’,

214 560 301 589 quem
318 557 388 579 tunc
408 547 494 578 habet
509 547 541 576 &
557 545 693 582 poffidet,
711 544 739 573 in
753 542 943 572 commendam
957 541 1075 570 retinere
1089 539 1121 569 δε
1140 536 1278 575 possidere

215 588 312 629 possit,
331 596 401 617 cum
415 587 467 617 suis
481 584 631 622 respective
643 583 768 622 Juribus,
784 580 938 617 Membris,
954 576 1200 612 PreheminentiiS,
1214 575 1278 606 Pri-

216 628 340 666 vilegiis‚
360 625 525 661 Domibus,
550 621 766 657 Mansionibus,
787 619 822 649 ad
847 618 959 648 dietum
985 616 1201 647 Canonicatum
1222 614 1279 644 five

219 664 400 699 Prebendam
416 663 634 702 pertinentibus,
654 659 791 690 Proficuis
806 658 889 687 etiarn
906 654 1190 690 Commoditatibus,
1211 652 1227 672 ⁹⁵
1237 651 1279 682 E-

222 703 424 738 molumentiS,
441 700 634 737 Dividentiis,
653 697 822 736 quotidianis
843 693 1102 725 Distributionibus
1116 689 1282 722 excrescen-

222 746 297 777 tibus
309 744 342 775 &
353 740 557 780 pertinentibus
572 737 803 776 quibuscunque,
819 733 928 765 etiamsi
944 734 973 763 in
987 740 1033 763 aut
1046 732 1125 769 super
1134 730 1214 760 dioto
1221 728 1282 760 Ca-

219 784 358 816 nonicatu
374 780 431 811 five
445 779 594 810 Prebenda
610 776 734 807 omnino
746 773 924 811 personaliter
937 781 999 801 non
1013 770 1154 806 resideret,
1171 776 1218 798 aut
1237 767 1282 798 di-

216 823 291 855 vinis
307 823 336 852 iri
349 818 455 851 eodem
470 816 647 857 parsonaliter
660 813 784 845 omnino
800 821 859 842 non
877 809 1049 846 interfuerit,
1067 809 1095 838 iri
1112 816 1170 838 tarn
1182 806 1282 844 amplis

218 860 311 894 modo
329 860 361 890 &
376 858 472 889 forma
486 866 519 887 ac
533 856 552 886 fi
571 854 678 893 presens
695 854 724 883 in
740 850 844 881 Choro
859 850 944 880 fuerit
954 871 964 886 ,
983 849 1017 879 &
1030 847 1133 878 divinis
1149 845 1278 885 quotidie

217 898 379 935 interesset,
395 907 429 928 ac
449 896 534 926 etiam
557 902 687 931 ternpore
700 890 843 927 Compoti
856 888 912 918 five
927 886 1048 917 Auditus
1058 894 1174 916 necnon
1189 882 1279 921 Capi-

218 941 271 972 tuli
285 937 406 974 adesset,
424 935 551 971 retinete,
564 932 619 962 frui
636 932 669 963 ὃ(
685 928 817 967 gaudere,
837 927 871 958 &
886 927 915 956 iri
928 925 990 956 suos
1007 925 1138 962 proprios
1153 921 1230 953 Usus
1243 923 1277 953 &

218 978 384 1011 Utilitatem
408 981 577 1005 convertere
596 971 629 1002 ὃς
642 969 779 1006 applicare
795 964 881 1003 possit
895 965 928 996 &
941 963 1050 1001 valeat,
1068 971 1192 994 unacum
1207 960 1276 1000 Epi-

218 1020 335 1056 scopatu
351 1010 529 1051 Bathom'enfi
544 1011 577 1041 &
594 1006 722 1048 usellenfi
736 1004 863 1044 predicto
876 1004 994 1034 durante
1011 1001 1078 1032 Vita
1091 1001 1136 1031 sua
1152 1000 1280 1038 naturali,

219 1059 254 1090 &
275 1053 412 1095 quamdiu
436 1051 519 1081 illum
542 1048 636 1080 eidem
657 1044 840 1085 Episcopatui
859 1041 982 1072 Bathon’
1001 1041 1036 1073 &
1049 1039 1160 1070 Wellen'
1173 1037 1281 1079 preeffe

305 1105 323 1118 σ

220 1101 455 1167 ωῗλῑὲῡῗιῑὶιῑὲῐίυε,
473 1136 526 1166 pro
542 1125 624 1156 nobis
638 1122 798 1154 Heredibus
812 1121 846 1152 &
861 1118 1078 1151 Successoribus
1089 1116 1211 1154 nostris,
1230 1115 1281 1147 da-

222 1184 287 1205 mus
306 1168 495 1202 concedimus
516 1166 549 1196 &
565 1163 743 1203 indulgemus
764 1160 872 1199 prefato
889 1158 1021 1190 Gulielmo
1037 1156 1134 1188 Laude
1149 1165 1199 1193 per
1212 1155 1282 1186 Pre-

219 1214 319 1249 sentes,
339 1217 368 1240 ut
386 1205 545 1245 predioum
563 1202 774 1233 Canonicatum
788 1198 844 1229 sive
855 1197 1035 1229 Prebendam
1047 1193 1282 1226 infraEcclefiam

221 1251 347 1283 nostram
371 1242 513 1283 lsVestmon’
533 1240 689 1280 predicitam
709 1237 862 1276 possideat,
881 1245 1005 1268 unacum
1027 1234 1201 1272 Episcopatu
1221 1235 1282 1261 Ba-

220 1290 299 1321 thon’
321 1288 354 1318 &
377 1282 493 1315 nellen’
509 1279 653 1319 predicto,
674 1278 775 1316 absque
791 1276 984 1315 cujuscunque
1003 1273 1210 1312 impedimento
1222 1280 1284 1315 gra-

222 1329 339 1360 vamine
351 1321 554 1360 interruptione
571 1318 626 1349 five
641 1317 835 1354 cavillatione,
853 1315 949 1353 aliquo
961 1313 1040 1352 jure,
1058 1310 1285 1348 consuetudine,

245 1386 1305 1409 Μ

226 1452 275 1485 De
294 1442 490 1489 Commiffione
508 1440 622 1477 Thome
652 1443 762 1475 comiti
781 1437 961 1474 Arundellie
979 1440 1016 1477 ὠ·
1033 1439 1139 1470 Surrie
1154 1441 1190 1477 &
1209 1437 1290 1472 aliis.

233 1641 276 1690 C
291 1634 324 1665 Η
341 1633 375 1663 Α
392 1634 417 1662 R
436 1632 464 1662 L
484 1631 511 1661 Ε
530 1631 566 1668 S,
584 1629 622 1668 by
640 1627 692 1659 the
711 1625 808 1658 Grace
825 1623 863 1657 of
877 1623 969 1663 God,
985 1623 1046 1657 &c.

222 1711 251 1744 C
326 1672 378 1740 ’Tl'lo
402 1681 457 1702 our
482 1669 576 1709 righte
596 1668 701 1707 trustye
723 1665 778 1697 and
800 1666 894 1706 righte
911 1661 1091 1696 welbeloved
1108 1661 1218 1694 Cosens
1233 1661 1289 1693 and

252 1721 346 1743 oance
367 1720 413 1740 ors

261 1749 376 1781 Thomas
393 1733 480 1779 Εένιε
497 1745 532 1786 of
543 1743 690 1776 Arunda]
701 1743 765 1774 and
773 1746 888 1785 sorny,
912 1741 995 1772 Earie
1012 1739 1150 1772 Marthail
1165 1739 1202 1770 of
1213 1741 1291 1776 Eng-

223 1790 323 1827 lande‚
342 1789 406 1866 aa}
419 1785 552 1817 Edward
573 1782 660 1814 Earle
676 1781 712 1823 of
724 1783 856 1822 Dorsert,
871 1781 1056 1814 Lieutenants
1070 1781 1107 1812 of
1115 1789 1169 1811 our
1185 1777 1291 1811 Coun-

221 1838 240 1861 tv
253 1839 281 1860 es
293 1828 328 1858 of
338 1831 374 1857 Su
396 1837 431 1856 ex

234 1839 250 1869 J
262 1866 330 1898 And
350 1876 380 1896 to
401 1848 454 1895 ou’r
473 1861 562 1902 trusty
580 1860 635 1892 and
652 1859 849 1898 welbeloved‚

267 1910 312 1936 Sir
332 1906 422 1934 Henri
440 1907 569 1940 Compton
590 1899 741 1938 Knighte‚

263 1949 307 1975 Sir
326 1943 440 1973 Thomas
460 1940 575 1971 Pelham
594 1938 751 1976 Batonett‚

261 1987 308 2014 Sir
325 1982 440 2011 Thomas
459 1978 572 2018 B1fhopp
591 1976 741 2015 Baroneu,

260 2026 306 2053 Sir
328 2020 436 2051 tl'alter
455 2023 580 2055 Covert,

264 2063 309 2091 Sir
327 2059 441 2090 Thomas
459 2055 585 2096 Shurley,

258 2104 304 2131 Sir
320 2097 453 2127 Edu-ard
466 2095 608 2134 Culpeper,

262 2142 306 2168 Sir
323 2137 438 2167 Thornax
458 2135 581 2172 Parker,

258 2181 304 2208 Sir
321 2174 449 2205 William
467 2172 572 2210 Forde,

260 2214 328 2247 And

262 2258 307 2285 sir
325 2251 438 2282 Thomas
454 2247 596 2281 Sackevile
606 2272 616 2287 ,

262 2293 417 2326 Knirzhtes

263 2330 388 2362 Richard
403 2325 539 2366 Amhmst
557 2325 681 2365 Serjeant
698 2330 726 2355 at
745 2322 851 2360 Lawe,

265 2369 346 2409 John
367 2367 543 2404 Middleton‚

267 2408 406 2447 Anthony
425 2405 547 2442 Fowles,

262 2447 377 2479 Thomas
399 2445 574 2482 Whatman,

262 2486 328 2518 And

264 2523 398 2568 Edu-'ard
411 2520 545 2560 Lindsey,

319 2571 399 2592 uters.

261 2563 335 2633 {led
351 2610 383 2631 to
396 2600 446 2631 the
462 2599 556 2628 Maior
570 2593 604 2634 of
613 2605 660 2625 our
667 2595 768 2626 Towne
783 2586 971 2632 ofChichester
986 2586 1034 2619 for
1049 2587 1099 2618 the
1107 2595 1188 2628 tyme
1195 2587 1293 2626 being,

266 2648 380 2677 reeting.

229 2641 439 2710 GForasmuch
456 2685 483 2704 as
496 2673 575 2704 some
591 2671 724 2702 dissolute
737 2668 791 2700 and
806 2665 964 2699 disordered
972 2664 1091 2696 Persons
1103 2663 1234 2703 amongst
1243 2663 1294 2694 the

231 2718 383 2755 Souldyers
397 2714 451 2745 and
466 2712 637 2749 Marriners,
654 2707 828 2741 entertained
843 2708 872 2736 in
885 2715 938 2736 our
951 2704 1064 2735 Service
1078 2712 1110 2734 to
1124 2705 1199 2734 serve
1215 2712 1247 2732 us
1262 2703 1290 2731 in

232 2758 282 2788 tlie
306 2754 401 2796 Royal
429 2753 522 2783 Flee'e
541 2761 573 2780 or
595 2749 717 2788 Navye,
736 2746 834 2777 which
857 2745 903 2775 for
917 2743 1044 2783 waighty
1061 2741 1292 2773 Considerations

232 2796 276 2825 w
280 2805 311 2826 ee
328 2793 442 2824 intende
457 2790 529 2822 with
545 2789 578 2820 all
592 2788 783 2819 conveniente
796 2783 969 2821 Expedition
986 2791 1019 2812 to
1033 2781 1082 2812 sett
1096 2790 1129 2811 to
1142 2781 1204 2814 Sea,
1226 2788 1292 2819 may

231 2836 251 2854 *²
263 2834 398 2864 committ
411 2830 557 2865 Felonies,
575 2826 736 2857 Robberies
750 2833 782 2853 or
797 2823 880 2853 other
891 2821 1031 2860 Ourrages
1046 2830 1078 2850 or
1094 2818 1231 2850 offences
1259 2827 1292 2849 to

233 2873 281 2904 the
305 2871 416 2902 Terror
440 2868 494 2900 and
516 2865 664 2904 Prejudice
682 2863 718 2894 of
730 2872 783 2892 our
797 2862 895 2899 loving
911 2859 1077 2902 Subjee'tes,
1094 2858 1211 2902 and-the
1224 2841 1293 2886 bis-

231 2911 370 2943 turbance
385 2907 420 2939 of
429 2917 482 2938 our
498 2905 607 2942 Peace,
625 2903 680 2934 and
699 2910 784 2941 many
798 2898 838 2930 of
846 2899 926 2930 them
942 2900 974 2928 ot
987 2896 1049 2928 base
1057 2896 1219 2927 Condition
1229 2905 1294 2934 may

231 2950 304 2982 alsoe
321 2947 490 2980 withdrawe
504 2942 671 2975 themselves
689 2939 766 2971 from
781 2939 871 2969 [heire
885 2937 980 2967 Places
993 2935 1048 2966 and
1064 2934 1197 2974 Chardge
1211 2933 1295 2965 whe-

233 2997 338 3020 reunto
362 2987 429 3025 they
447 2993 492 3014 are
507 2980 658 3020 appointed
670 3003 679 3018 ,
698 2987 848 3018 contrarye
863 2985 895 3008 to
910 2976 983 3006 their
1000 2975 1100 3015 Dutye
1117 2975 1173 3004 and
1189 2973 1294 3012 Allegi-

232 3037 302 3060 ance
331 3023 468 3063 where-by
484 3032 536 3051 our
553 3019 685 3049 intended
700 3016 838 3054 Designes
855 3023 917 3053 may
934 3012 1054 3044 likewise
1068 3012 1150 3043 suffer
1166 3012 1294 3048 Preludi-

234 3077 287 3104 ce,
304 3050 364 3095 We
377 3063 449 3093 have
465 3058 590 3098 thought
603 3056 701 3094 good,
720 3056 758 3094 by
774 3054 822 3085 the
840 3053 951 3084 Advice
968 3051 1004 3082 of
1015 3061 1069 3083 our
1082 3051 1168 3091 Privy
1190 3049 1295 3081 Coun-

233 3106 286 3136 celi
296 3127 306 3142 ,
321 3111 354 3134 to
369 3101 434 3133 take
448 3110 463 3129 a
478 3099 585 3138 fytting
602 3093 713 3126 Course
725 3093 771 3124 for
789 3091 940 3130 repreffing
957 3090 1012 3121 and
1027 3090 1181 3129 punissiing
1200 3089 1237 3119 of
1246 3088 1296 3120 the

232 3144 309 3175 same
326 3139 482 3176 offences,
497 3136 535 3178 yf
544 3144 598 3174 any
610 3133 679 3165 such
696 3133 745 3170 be,
761 3131 816 3163 and
831 3130 877 3162 for
893 3129 1070 3161 Prevention
1084 3128 1123 3160 of
1132 3128 1179 3159 the
1194 3127 1252 3158 like
1264 3129 1294 3159 in

233 3180 483 3254 thhftiltiigg'Yee,
500 3211 657 3249 therefore,
675 3209 737 3240 that
751 3207 846 3246 Wee‚
864 3206 996 3247 repofing
1010 3204 1117 3236 affured
1133 3204 1222 3236 Trust
1235 3205 1293 3236 and

236 3256 419 3288 Confidence
435 3256 463 3285 in
478 3254 527 3286 the
542 3250 715 3286 Wisdome,
732 3245 868 3286 Fidelity‚
886 3245 941 3276 and
957 3243 1176 3283 understanding
1187 3244 1224 3275 of
1232 3253 1291 3284 you

237 3297 288 3327 the
312 3294 381 3325 saide
400 3291 488 3324 Earle
512 3289 547 3330 of
562 3285 705 3320 Arundell
725 3285 784 3315 and
802 3287 918 3323 Surrey,
936 3282 1024 3313 Earle
1045 3281 1082 3321 of
1098 3282 1232 3323 Dorsett,
1247 3285 1291 3312 Sir

237 3336 329 3365 Henri
346 3336 486 3371 Compton,
502 3333 548 3360 Sir
561 3327 676 3358 Thomas
690 3323 814 3362 Pelham,
831 3326 874 3353 Sir
886 3321 1000 3352 Thomas
1014 3320 1138 3361 Bishopp,
1155 3325 1201 3352 Sir
1216 3319 1291 3350 Wal-

237 3380 281 3402 ter
296 3376 399 3402 covers
408 3394 416 3407 ‚
435 3373 477 3399 Sir
491 3368 607 3400 :thomas
619 3363 732 3404 Shurley
740 3385 750 3400 ,
767 3365 810 3392 Sir
827 3360 960 3391 Edward
971 3359 1108 3399 Culpeper,
1122 3363 1164 3389 Sir
1177 3358 1292 3390 Thomas

238 3412 356 3448 Parker,
369 3412 414 3439 Sir
428 3408 555 3438 William
570 3404 652 3442 Ford,
669 3406 714 3433 Sir
729 3399 844 3430 Thomas
858 3397 996 3435 Sackvile,
1015 3398 1139 3428 Richard
1147 3397 1293 3436 Amhurst,

238 3449 322 3490 John
345 3446 520 3485 Middleton‚
543 3447 663 3479 Antony
685 3438 791 3471 Fowles
804 3461 814 3477 ,
838 3438 954 3469 Thomas
979 3435 1136 3467 Whatman
1157 3437 1216 3466 and
1233 3436 1292 3465 Ed-

240 3488 337 3518 warde
354 3493 372 3515 L
370 3484 488 3525 yndfissy,
506 3484 560 3515 and
582 3482 620 3514 of
637 3491 697 3521 you
721 3479 768 3509 the
781 3477 852 3508 saide
867 3479 961 3506 Maior
977 3473 1167 3514 oschichester
1182 3475 1228 3505 for
1242 3475 1292 3505 the

240 3535 251 3557 t
264 3537 317 3557 me
334 3527 435 3563 being,
454 3525 526 3554 have
540 3518 693 3560 appointed
705 3526 766 3558 you
781 3525 813 3547 to
830 3517 866 3546 be
877 3524 932 3546 our
945 3513 1202 3552 Commiffioners3
1225 3513 1293 3544 And

286 3575 318 3594 ee
332 3563 388 3593 doe
407 3564 444 3602 by
457 3561 541 3592 theise
556 3561 698 3591 Presentes
709 3557 776 3596 give
789 3562 862 3599 unto
876 3563 952 3594 you,
970 3562 1004 3582 or
1019 3562 1071 3591 any
1088 3552 1166 3595 three
1181 3561 1216 3582 or
1230 3561 1295 3582 mo-

239 3612 269 3633 re
295 3603 331 3632 of
346 3611 421 3640 you,
439 3600 490 3630 full
515 3599 618 3630 Power
636 3597 692 3628 and
717 3593 840 3626 Authori
871 3603 906 3631 e,
924 3593 952 3622 in
968 3590 1003 3621 all
1018 3590 1115 3621 Places
1127 3591 1229 3621 Within
1242 3599 1295 3620 our

244 3640 362 3676 County
383 3641 419 3670 of
435 3638 545 3677 suffex,
563 3647 592 3667 as
612 3636 679 3667 well
693 3633 795 3665 within
812 3631 848 3662 Li
870 3631 965 3667 erties,
983 3638 1011 3659 as
1025 3629 1164 3666 without,
1181 3637 1213 3659 to
1228 3637 1295 3666 pro-

243 3679 312 3708 ceed
334 3676 488 3716 according
507 3686 539 3706 to
561 3675 612 3706 the
631 3672 736 3712 justice
748 3671 786 3702 of
796 3669 911 3700 Martial
928 3668 1016 3699 Lawe
1030 3667 1133 3705 against
1149 3666 1218 3697 such
1231 3666 1295 3696 Sol-

243 3717 316 3746 diers
330 3725 364 3745 or
379 3715 549 3753 Marriners,
565 3724 600 3743 or
616 3712 700 3742 other
714 3709 846 3741 dissolute
860 3706 980 3738 Persons
994 3707 1117 3745 joineing
1128 3706 1202 3736 with
1217 3705 1296 3735 them

244 3764 282 3823 3}
297 3763 382 3821 ²¹13?AE
384 3754 441 3822 Ἦ
443 3763 505 3830 {Tr
520 3751 691 3830 ῗξὼένξέἒέἳ
705 3745 960 3817 ἷέἓῂῗῗὲῑᾶοὲῗὲ
983 3743 1295 3813 ἔῐοὶῗγοῖξῑῶἶέῗῖ

287 3815 295 3828 2
928 3801 934 3813 ¹
1287 3803 1298 3818 ²

247 3830 383 3860 committ
404 3839 438 3858 an
488 3828 633 3866 Murther‚
652 3826 816 3862 Robberie,
835 3823 979 3863 Felonye‚
999 3820 1134 3860 Mutinye
1157 3831 1190 3851 or
1215 3819 1298 3850 other

247 3868 374 3905 Outrage
396 3876 428 3911 or
440 3836 672 3904 {disdemeanoffi
688 3875 722 3896 or
734 3863 834 3894 which
853 3862 922 3893 ssiall
936 3859 1105 3904 withdrawe
1118 3858 1297 3896 themselves,

246 3907 324 3936 frorn
346 3905 436 3935 theire
449 3904 559 3943 Places,
579 3904 694 3934 Service
711 3912 745 3932 or
760 3900 894 3939 Chardge
908 3910 936 3930 as
949 3898 1112 3935 aforesaide,
1128 3907 1161 3928 or
1178 3897 1245 3929 than
1261 3898 1296 3928 be

245 3944 353 3975 founde
376 3943 477 3973 within
495 3943 542 3972 the
564 3941 632 3971 saide
651 3941 768 3979 County
787 3950 822 3968 or
839 3947 892 3977 any
911 3938 992 3968 Parte
1010 3935 1137 3973 thereos,
1161 3935 1239 3967 wich
1258 3936 1296 3975 by

243 3984 294 4015 the
314 3980 440 4013 Martiali
459 3980 549 4012 Lawe
566 3978 665 4010 should
683 3989 717 4009 or
734 3979 825 4019 ought
842 3986 874 4008 to
893 3977 929 4008 be
946 3974 1085 4015 punissied
1100 3974 1173 4006 with
1192 3974 1298 4014 Death,

697 58 1490 114 coNVENTroNss&

1547 60 1936 108 LITERAE‚

1311 150 1407 188 Lege,
1423 147 1634 186 ordinatione,
1654 148 1751 185 Actu,
1769 147 1887 179 Statuto
1900 145 2034 190 generali,
2050 153 2099 178 aut
2109 145 2201 185 aliqua
2217 146 2268 180 alia
2283 156 2314 181 re
2328 155 2378 181 aut
2396 150 2475 185 Ami.
2487 150 2534 191 D,

1311 190 1388 220 causa
1411 196 1581 226 quacunque
1603 189 1632 217 in
1654 187 1831 218 contrarium
1853 184 1987 216 faciendis
2003 186 2034 215 in
2048 185 2145 223 aliquo
2160 195 2222 216 non
2237 187 2378 220 obstanti-
2419 191 2508 223 1626,

1313 229 1382 265 bus,
1402 227 1502 270 quibus
1519 226 1657 270 omnibus
1676 226 1709 257 &
1734 224 1847 264 fingulis
1867 222 2012 256 Premiffis
2035 232 2169 262 quatenus
2191 223 2261 257 huic
2281 227 2377 258 nostre
2394 234 2450 259 An.
2469 241 2496 260 χ,

1313 265 1526 303 Dispensationi
1549 264 1606 296 five
1625 264 1820 295 Conceffioni
1834 263 1973 300 obvient,
1991 271 2092 293 tenore
2106 261 2284 294 Presentium
2295 265 2382 297 dero·
2396 275 2462 301 Car.
2480 279 2505 299 1.

1312 314 1429 347 gamus,
1448 304 1573 347 volentes
1588 304 1623 335 δε
1640 303 1802 334 mandantes
1815 301 1894 340 quod
1910 300 1968 332 hec
1992 300 2088 332 nostra
2120 300 2208 331 resens
2220 301 2380 335 Conceffio

1312 344 1346 374 &
1365 341 1546 386 Diipensatio
1561 351 1717 381 exponatur
1738 342 1772 372 &
1787 340 1961 379 adjudicetur
1975 340 2004 370 in
2019 339 2101 371 omni
2124 349 2157 370 us
2169 338 2263 371 Curiis
2277 342 2382 374 nostris

1313 382 1348 412 ὅ(
1367 381 1434 411 alibi
1454 381 1484 410 in
1500 380 1701 419 benignisfimo
1716 379 1803 410 Sensu
1814 402 1824 416 ,
1840 379 1873 410 &
1887 388 1939 417 pro
1951 379 2081 409 maximo
2096 376 2271 409 Commodo
2283 381 2382 418 prefati

1311 418 1440 449 Gulielmi
1454 419 1553 450 Laude
1565 419 1721 450 secundum
1738 427 1836 450 veram
1852 417 2049 449 Intentionem
2066 415 2193 449 nostram
2206 417 2237 448 in
2248 417 2305 450 hac
2319 429 2384 459 par·

1311 466 1348 489 te.

1351 496 1466 541 Damus
1485 497 1588 533 etiarn,
1607 496 1640 527 &
1664 505 1713 535 per
1733 494 1897 531 Presentes,
1914 503 1967 532 pro
1982 495 2066 525 nobis
2079 494 2248 526 Heredibus
2260 494 2295 527 3:
2306 493 2383 527 Suc-

1317 535 1471 566 cefforibus
1496 534 1598 565 nostris
1616 533 1804 565 concedimus
1822 532 1930 570 prefato
1948 531 2082 564 Gulielmo
2103 534 2202 564 Laude
2223 533 2232 564 l
2271 535 2382 566 itimam

1318 574 1495 605 Facultatem
1516 575 1615 610 pariter
1629 574 1663 604 ὅ(
1679 572 1893 602 Authoritatem
1907 571 1985 607 quod
1999 572 2033 602 ad
2050 572 2225 609 personalem
2273 572 2382 604 esiden-

1317 614 1388 644 tiam
1404 612 1563 644 faciendam
1583 612 1614 641 in
1631 618 1679 641 aut
1700 609 1781 648 super
1797 609 1878 640 dicto
1893 608 2076 641 Ganonicatu
2090 610 2147 642 five
2163 610 2311 644 Prebenda
2325 612 2382 643 mi-

1319 653 1398 682 nime
1416 659 1560 688 teneatur,
1575 659 1630 680 nec
1644 659 1660 680 a
1674 657 1818 687 quoquam
1832 648 1867 678 ad
1883 648 1910 678 id
1929 648 2037 679 invitus
2050 649 2234 686 compelli&
2244 650 2384 682 coarctari

1319 690 1423 729 possit,
1440 699 1473 721 ac
1494 690 1581 720 etiarn
1604 697 1654 726 per
1675 687 1822 718 Presentes
1842 686 1960 726 gratiose
1973 695 2044 717 cum
2057 686 2109 717 illo
2123 687 2153 717 iri
2170 686 2313 721 Premiffis
2326 690 2384 721 dis-

1319 728 1485 768 pensamus,
1501 738 1534 758 ac
1559 727 1598 757 illi
1616 726 1717 764 pariter
1735 726 1871 757 omnibus
1885 724 2051 756 melioribus
2064 726 2098 757 &
2112 724 2320 759 efficacioribus
2335 729 2384 761 vin

1320 768 1411 798 modo
1433 767 1467 797 &
1490 765 1602 803 forma,
1619 766 1720 803 quibus
1738 764 1837 795 melius
1859 764 1893 795 &
1908 763 2054 795 efficacius
2065 765 2222 803 poterimus
2234 774 2281 798 aut
2297 767 2385 806 poffi.

1321 815 1401 842 mus,
1420 814 1455 834 ex
1477 812 1554 835 certa
1575 803 1698 834 Scientia
1722 805 1755 835 &
1773 803 1954 834 Authoritate
1967 802 2064 833 nostra
2077 802 2173 840 Regia
2188 812 2289 835 omnes
2301 806 2333 836 in
2345 815 2383 837 eo

1318 843 1448 888 defectus
1469 842 1507 880 (fi
1523 842 1571 880 qui
1592 842 1716 886 fuerint)
1736 842 1894 879 supplentes
1904 841 2300 882 indulgemus3Canonibus‚
2317 842 2383 876 De-

1317 891 1402 914 cretis
1439 879 1698 912 Consuetudiriibus
1707 881 1855 918 localibus,
1869 880 1986 912 Statutis
2001 881 2057 912 sive
2071 880 2312 913 Ordinationibus
2320 882 2383 914 Ec-

1318 904 1476 966 clesiafiticis
1497 919 1675 963 generalibus
1694 918 1742 963 seu
1754 919 1939 956 spiritualibus
1955 919 2000 951 vel
2014 920 2117 958 quovis
2131 920 2186 950 alio
2199 920 2292 951 modo
2309 931 2382 952 con-

1318 959 1433 991 firmatis
1447 960 1480 991 &
1499 958 1689 990 corroboratis
1704 968 1734 988 in
1749 958 1926 988 contrarium
1941 967 2003 990 non
2017 957 2194 991 obstantibus
2209 959 2382 999 quibuscun-

1340 1008 1383 1029 ue.
2377 995 2383 998 ¹

1317 1008 1338 1038 q
1355 1037 1402 1068 Eo
1419 1035 1499 1075 quod
1517 1033 1643 1075 expreffit
1657 1034 1786 1073 mentio,
1804 1033 1865 1065 &c.

1354 1113 1390 1146 In
1410 1114 1488 1153 cujus
1503 1113 1558 1153 rei,
1576 1113 1638 1145 ὅτε.

1356 1190 1447 1224 Teste
1463 1190 1547 1231 Rege
1561 1188 1635 1230 apud
1651 1187 1929 1229 Wstmonaslerium‚
1946 1197 2049 1230 quarto
2067 1189 2127 1223 Die
2141 1193 2310 1231 Septembris.

1750 1268 1803 1297 Per
1824 1268 1918 1298 Breve
1935 1266 1968 1297 de
1987 1269 2111 1299 Privato*
2126 1267 2231 1307 Sigillo.

1331 1433 1546 1470 Commiffion
1577 1432 1698 1468 donne‘e
1723 1433 1741 1466 a
1769 1432 1913 1468 Thomas
1943 1435 2065 1468 Comte
2088 1431 2275 1470 d’Arundel
2298 1438 2332 1470 &
2350 1434 2393 1471 de

1378 1486 1497 1531 Surrey
1509 1509 1519 1524 ,
1546 1485 1579 1516 &
1605 1491 1705 1515 autres
1719 1507 1729 1522 ‚
1759 1493 1842 1528 pour
1859 1481 1932 1516 faire
1955 1481 2050 1530 punir
2067 1481 2109 1518 les
2126 1482 2246 1518 Soldats
2263 1486 2295 1518 &
2316 1484 2394 1520 Ma-

1376 1532 1471 1569 telots
1488 1531 1546 1578 qui
1564 1531 1687 1566 causent
1702 1529 1756 1564 des
1775 1529 1946 1565 desordres.
2389 1526 2394 1530 ⁴

1332 1623 1381 1682 C

1366 1737 1500 1769 Thomas
1517 1734 1629 1766 Comte
1645 1733 1803 1765 d'Arundel
1819 1733 1897 1765 &de
1911 1732 2028 1774 Surrey,
2040 1736 2132 1763 Comte
2141 1732 2289 1764 Mare‘chal
2299 1733 2395 1765 d’An-

1330 1777 1451 1816 gleterre
1462 1798 1471 1814 ,
1488 1773 1526 1809 &
1542 1773 1677 1805 Edouard
1694 1772 1806 1804 Comte
1820 1772 1856 1805 de
1875 1772 1980 1805 Dorset
1990 1796 2000 1812 ,
2019 1774 2191 1804 Lieutenans
2204 1774 2397 1806 Gouvermrs

1330 1816 1364 1847 de
1378 1825 1425 1845 nos
1441 1818 1546 1844 comtes
1562 1813 1593 1843 de
1608 1811 1707 1844 Suffex
1718 1834 1727 1848 ‚

1369 1856 1413 1884 Et
1432 1853 1451 1882 a*
1467 1863 1515 1882 nos
1526 1851 1619 1891 fideles
1634 1849 1673 1886 ὠ
1689 1850 1855 1881 bien-aime‘s.

1369 1893 1414 1924 Le
1431 1890 1584 1922 Clievalier
1600 1889 1693 1920 Henri
1710 1888 1883 1928 Compron,

1369 1931 1412 1962 Le
1427 1929 1581 1961 Chevalier
1596 1928 1717 1960 Batonet
1731 1927 1867 1958 Thomas
1883 1927 2022 1966 Pelham‚'

1368 1969 1412 2001 Le
1427 1967 1581 1999 Chevalier
1598 1967 1719 1998 Baronet
1734 1965 1866 1998 Thomas
1880 1965 2007 2005 Biihop,

1366 2007 1411 2038 Le
1424 2007 1578 2037 Chevalier
1593 2006 1712 2037 Gautier
1728 2003 1858 2043 Covert,

1370 2046 1416 2078 Le
1432 2045 1586 2076 Chevalier
1598 2045 1734 2075 Thomas
1753 2043 1873 2082 Shurley
1882 2068 1893 2082 ,

1367 2085 1413 2117 Le
1428 2084 1581 2115 Chevalier
1596 2082 1729 2114 Edouard
1746 2081 1889 2120 Culpeper
1898 2105 1909 2121 ‚

1368 2123 1413 2155 Le
1429 2123 1583 2154 Chevalier
1597 2122 1729 2152 Thomas
1744 2120 1867 2158 Parker,

1371 2163 1416 2194 Le
1432 2161 1585 2193 Chevalier
1598 2160 1766 2191 Guillaume
1779 2158 1856 2190 Ford
1865 2182 1876 2197 ,

1368 2203 1414 2272 {tte
1430 2238 1582 2270 Chevalier
1594 2237 1728 2269 Thomas
1745 2235 1896 2273 Sackvile,

1368 2315 1498 2347 Richard
1518 2313 1678 2353 Amhurst,
1695 2313 1817 2345 Docteur
1833 2323 1868 2344 en
1886 2315 1990 2348 Droin

1363 2354 1437 2394 Jean
1456 2353 1624 2384 Middleton
1634 2376 1645 2392 ‚

1368 2393 1497 2424 Antoine
1515 2392 1633 2430 Foules,

1367 2431 1504 2500 {homas
1522 2430 1700 2468 Whaman,

1397 2477 1411 2500 t

1366 2508 1502 2540 Edouard
1521 2507 1662 2548 Lindsey,

1370 2549 1494 2577 Ecuiers.

1368 2588 1412 2616 Et
1432 2598 1468 2616 au
1482 2585 1576 2616 Maire
1592 2583 1628 2615 de
1648 2590 1733 2614 notre
1744 2581 1818 2614 Ville
1834 2580 1870 2612 de
1884 2578 2066 2619 chichester,
2079 2590 2112 2612 ou
2127 2579 2147 2610 ὰ
2162 2580 2229 2614 celui
2243 2585 2293 2626 qui
2307 2582 2332 2614 le
2349 2584 2396 2624 fe-

1331 2634 1366 2655 ra
1375 2648 1385 2663 ,
1402 2624 1494 2655 Salat.

1368 2663 1514 2694 D’autant
1551 2672 1582 2692 ue
1602 2659 1725 2701 quelques
1744 2657 1887 2699 perfinnes
1909 2655 2030 2696 diffrlues
2047 2657 2086 2694 ό·
2106 2657 2239 2698 dere‘gle‘es
2252 2664 2344 2698 parmi
2355 2660 2396 2692 les

1332 2701 1443 2731 Soldats
1466 2701 1504 2737 &
1538 2712 1564 2730 es
1586 2700 1725 2729 Matelots
1755 2700 1781 2727 ui
1792 2696 1860 2736 sont
1877 2697 1895 2725 a*
1911 2706 1957 2726 nos
1967 2707 2047 2734 gages
2059 2696 2098 2733 ῤ’
2111 2702 2158 2739 qui
2171 2699 2286 2729 doivent
2295 2699 2395 2739 servir

1323 2739 1376 2779 fier
1397 2739 1426 2769 la
1440 2740 1552 2778 Flotte,
1567 2749 1617 2780 que
1638 2748 1707 2777 pour
1730 2709 1774 2766 Zes
1789 2733 1895 2774 ratfins
1913 2738 2090 2774 imponantes
2113 2747 2178 2766 nous
2191 2748 2281 2767 avons
2293 2738 2395 2779 defflin

1329 2778 1363 2808 de
1383 2786 1482 2808 mettre
1502 2789 1536 2809 en
1557 2780 1623 2806 Mer
1642 2788 1675 2806 en
1695 2783 1770 2805 toute
1784 2774 1928 2811 diligeme,
1942 2778 2099 2812 pourroient
2111 2784 2266 2807 commettre
2279 2778 2325 2806 des
2337 2778 2396 2808 bn*-

1327 2818 1481 2856 gandages,
1497 2817 1542 2847 des
1553 2815 1614 2846 vols
1623 2838 1632 2853 ,
1649 2814 1695 2844 des
1711 2816 1827 2843 avanies
1841 2823 1874 2842 ou
1888 2820 1981 2842 autres
1995 2816 2098 2850 crimes,
2112 2813 2131 2843 ὰ
2145 2813 2175 2844 la
2183 2813 2238 2854 fra
2254 2815 2346 2852 eur&
2355 2829 2395 2848 au

1327 2855 1465 2894 pre‘judice
1484 2857 1516 2885 de
1537 2865 1584 2885 nos
1606 2853 1670 2883 bons
1683 2853 1789 2890 Sujets,
1805 2863 1838 2880 en
1851 2854 2050 2891 interrompant
2064 2850 2093 2881 Ia
2107 2854 2198 2892 Patx3
2268 2866 2318 2894 que
2328 2855 2394 2894 plu.

1325 2895 1414 2935 fieurs
1441 2902 1534 2925 autres
1550 2893 1630 2922 d’une
1644 2890 1701 2921 vile
1714 2890 1851 2920 condition
1861 2894 2015 2927 pourroient
2026 2890 2056 2929 β’
2071 2897 2170 2921 νετινεν
2183 2891 2216 2921 de
2229 2891 2299 2923 leurs
2309 2894 2395 2936 postes

1332 2932 1372 2968 &
1395 2934 1426 2963 de
1449 2933 1519 2963 leurs
1542 2932 1649 2961 devoirs
1662 2953 1671 2969 ,
1687 2936 1779 2960 contre
1792 2928 1850 2957 leur
1867 2927 2015 2965 obligation
2031 2926 2070 2963 (ῥ’
2083 2928 2142 2959 leur
2177 2929 2277 2970 delite‘,
2290 2942 2344 2972 par
2356 2934 2392 2965 σὺ

1333 2971 1371 3002 les
1391 2971 1503 3010 deffeins
1521 2981 1572 3012 que
1591 2979 1655 2999 nous
1672 2965 1872 3006 avonsforme's
1883 2971 2041 3004 pourroient
2061 2967 2129 3007 auffi
2151 2967 2250 3007 ouffrir
2265 2971 2302 3001 du
2315 2979 2375 3002 tort
2385 2984 2393 2991 ·

1333 3022 1401 3041 nous
1422 3021 1513 3040 avons
1535 3009 1637 3039 trouve‘
1647 3007 1714 3043 bon,
1733 3006 1764 3035 de
1780 3005 1862 3035 l’aw's
1876 3005 1908 3035 de
1924 3012 2002 3035 notre
2016 3005 2124 3046 Conseil
2135 3008 2229 3039 Prive'
2260 3009 2294 3038 de
2306 2995 2397 3049 apri-⁹

1333 3060 1389 3079 mer
1407 3046 1446 3083 ὠν
1465 3049 1499 3078 de
1514 3051 1596 3086 punir
1617 3046 1649 3075 de
1669 3045 1722 3075 tels
1737 3052 1877 3083 outrages,
1894 3043 1942 3075 s'il
1951 3048 2009 3076 s'en
2021 3052 2130 3077 commet
2139 3068 2150 3084 ‚
2167 3046 2207 3083 ό·
2223 3032 2394 3089 ἆέηιρέφη-

1333 3099 1373 3118 ces
1389 3086 1524 3119 violences
1539 3085 1557 3116 a*
1576 3085 1709 3115 t’avenir.
2391 3083 2395 3087 '

1392 1618 1498 1653 HAR
1510 1616 1614 1657 LES,
1648 1616 1728 1648 arla
1746 1627 1827 1655 grace
1842 1616 1874 1647 de
1888 1619 1977 1654 Dieu,
1992 1617 2055 1648 &c.

1436 1661 1472 1689 A
1485 1668 1532 1688 nos
1547 1657 1606 1688 tres
1637 1656 1708 1687 deles
1720 1655 1758 1693 ὠ
1774 1656 1832 1686 tres
1845 1656 2004 1687 bien-aim&
2020 1654 2128 1697 Confins
2140 1655 2179 1693 ό·
2193 1655 2366 1697 Confiillers,

1370 3202 1476 3234 Sachez
1497 3203 1581 3240 donc,
1598 3212 1649 3243 que
1668 3211 1734 3231 nous
1757 3201 1885 3240 reposbnt
1898 3204 2081 3231 entierement
2088 3200 2140 3240 sur
2154 3209 2237 3233 votre
2244 3203 2397 3242 prudente*

1327 3241 1439 3282 fidelite‘
1462 3239 1500 3275 ὁ·
1523 3241 1647 3280 capacite
1658 3263 1668 3279 ,
1688 3251 1753 3270 nous
1775 3250 1863 3270 avons
1882 3240 1988 3270 nomme‘
2006 3238 2044 3274 ὠ
2068 3240 2153 3270 e‘tabli
2171 3253 2242 3272 vous
2262 3242 2287 3272 le
2298 3227 2395 3282 fitfdit’

1332 3280 1443 3311 Comte
1459 3279 1616 3311 d'Arundel
1632 3279 1665 3310 &
1682 3278 1717 3309 de
1734 3279 1855 3318 Surrey,
1871 3277 1895 3307 le
1910 3277 2021 3308 Comte
2042 3277 2077 3309 de
2093 3279 2196 3311 Dorset
2232 3280 2256 3310 le
2272 3279 2391 3312 Cheva—

1331 3319 1381 3349 lier
1401 3318 1495 3349 Henri
1505 3317 1677 3362 *Comptom
1695 3316 1718 3346 le
1733 3315 1883 3347 Chevalier
1898 3316 2032 3347 Thomas
2046 3317 2180 3356 Pelham,
2199 3303 2225 3349 le
2239 3317 2392 3351 Chevalier

1330 3358 1466 3389 Thomas
1480 3356 1607 3394 Bisffiop,
1624 3356 1650 3385 le
1665 3353 1817 3385 Chevalier
1832 3354 1953 3385 Gautier
1966 3353 2089 3394 Covert,
2107 3355 2132 3386 Ie
2141 3355 2289 3388 Chevalier
2300 3355 2389 3387 Tho-

1332 3406 1394 3427 mas
1403 3395 1520 3434 Shurley
1529 3418 1540 3434 ,
1556 3394 1580 3424 le
1595 3393 1746 3424 Chevalier
1765 3392 1897 3423 Edouard
1913 3391 2058 3431 Culpeper
2080 3393 2119 3424 >le
2133 3394 2285 3425 Chevalier
2303 3394 2391 3425 Tho-

1332 3445 1391 3466 mas
1407 3434 1527 3477 Barker,
1542 3432 1566 3462 le
1588 3432 1741 3463 Chevalier
1764 3430 1930 3462 Guillaume
1945 3431 2020 3462 Ford
2031 3455 2041 3471 ,
2059 3417 2083 3461 Ῐε
2095 3432 2245 3463 Chevalier
2258 3431 2394 3466 Thomas

1332 3472 1480 3510 Sackvile,
1501 3471 1627 3502 Richard
1651 3469 1788 3501 Amhurst
1799 3492 1809 3507 ,
1822 3469 1894 3507 Jean
1921 3469 2103 3509 Middleton,
2119 3471 2243 3501 Antoine
2259 3470 2392 3511 Fowles,

1332 3512 1467 3542 Thomas
1483 3510 1643 3540 Whatman
1659 3508 1697 3544 ὠ»
1714 3508 1848 3539 Edouard
1867 3508 1988 3547 Lindsey
2021 3507 2060 3543 ῤ’
2073 3518 2141 3539 vous
2155 3507 2224 3538 ledit
2239 3507 2339 3547 Major
2351 3511 2390 3542 de

1334 3549 1503 3581 Chichester
1518 3559 1551 3578 ou
1565 3552 1611 3589 qui
1626 3547 1649 3577 le
1652 3546 1730 3586 stra,
1734 3556 1802 3586 pour
1818 3558 1864 3576 nos
1873 3550 1972 3577 Commi
1994 3551 2080 3577 uires·
2100 3544 2138 3581 <ly
2154 3557 2220 3576 nous
2235 3557 2306 3577 vous
2317 3547 2389 3580 don-

1334 3600 1404 3620 nons
1423 3587 1624 3626 plein-pouvoir
1645 3585 1682 3621 &³
1701 3585 1858 3624 authorite‘,
1869 3594 1924 3624 par
1944 3586 1982 3616 les
1999 3569 2162 3624 Pressgntess
2180 3595 2212 3614 ou
2233 3584 2252 3615 ιὶ
2270 3589 2341 3616 trois
2355 3598 2390 3618 ou

1328 3627 1458 3667 plufieurs
1479 3626 1511 3655 de
1526 3635 1611 3664 vous,
1631 3625 1664 3653 de
1676 3625 1802 3662 proce'der
1824 3636 1856 3654 en
1874 3632 1934 3654 tous
1956 3626 2048 3652 Lieux
2072 3622 2141 3652 dans
2156 3630 2235 3653 notre
2253 3625 2389 3656 Province

1334 3666 1367 3695 de
1386 3664 1501 3701 Susserc,
1519 3661 1586 3701 auffi
1603 3664 1664 3693 bien
1688 3663 1758 3693 dans
1777 3662 1814 3692 les
1838 3660 1996 3700 Franchises
2009 3660 2089 3700 qu'au
2103 3659 2216 3699 dehors,
2233 3672 2268 3692 en
2278 3662 2387 3703 Justice

1327 3703 1407 3742 selon
1430 3701 1454 3732 le
1474 3705 1559 3731 Droit
1568 3702 1613 3731 des
1626 3705 1745 3736 Armes,
1768 3707 1858 3731 contre
1873 3712 1911 3731 ces
1925 3698 2032 3728 Soldats
2046 3697 2084 3732 ό*
2099 3698 2237 3729 Matelots
2248 3711 2281 3729 ou
2295 3709 2390 3733 autres

1332 3741 1476 3782 personnes
1494 3740 1640 3777 dere‘glees,
1657 3744 1704 3781 qui
1718 3738 1753 3779 st’
1760 3740 1885 3777 joignans
1899 3748 1968 3768 avec
1979 3748 2048 3773 eux,
2066 3737 2215 3768 viendront
2228 3737 2248 3767 ax
2261 3748 2390 3772 commet-

1336 3788 1380 3811 tre
1393 3780 1463 3810 dans
1476 3778 1562 3809 Iadite
1578 3781 1729 3815 Province,
1747 3779 1860 3818 quelque
1873 3783 2006 3812 meante,
2025 3774 2145 3814 felonie,
2156 3774 2278 3815 sb‘dition
2292 3789 2324 3808 ou
2337 3791 2389 3810 au-

1336 3826 1393 3848 tres
1414 3821 1506 3847 crimes
1524 3817 1602 3854 apres
1624 3817 1651 3846 la
1667 3817 1837 3855 publication
1849 3815 1881 3844 de
1892 3820 1961 3844 cette
1976 3813 2156 3852 Commffm,
2174 3824 2206 3844 ou
2221 3819 2269 3856 qui
2275 3814 2307 3855 J}
2321 3821 2390 3848 regi.

1334 3864 1430 3887 reront
1453 3856 1485 3885 de
1505 3855 1575 3885 leurs
1592 3855 1675 3895 polles
1699 3866 1730 3883 ou
1750 3855 1780 3883 de
1803 3853 1860 3883 leur
1880 3851 2000 3891 service,
2017 3862 2050 3880 ou
2072 3863 2122 3892 que
2135 3851 2190 3882 l'on
2204 3859 2340 3885 trouvera
2353 3867 2388 3887 m

1334 3894 1444 3935 quelque
1466 3896 1536 3924 Licu
1559 3906 1609 3935 que
1631 3905 1657 3923 ce
1669 3892 1726 3932 Joit
1746 3893 1778 3921 de
1801 3891 1886 3921 ladite
1908 3893 2060 3928 Provinte,
2078 3901 2105 3919 ce
2119 3894 2166 3932 qui
2191 3891 2250 3923 elon
2263 3892 2288 3923 Ie
2302 3897 2388 3925 Drois

1334 3935 1379 3963 des
1397 3936 1498 3963 Armes
1520 3933 1575 3961 doit
1598 3932 1655 3962 §tre
1667 3934 1733 3970 puni
1743 3931 1776 3960 de
1789 3936 1878 3967 mort,
1895 3928 1934 3964 ἄν
1951 3939 1977 3957 ce
1993 3932 2039 3968 qui
2053 3928 2090 3966 est
2106 3940 2152 3959 con
2169 3941 2240 3960 orme
2253 3930 2273 3960 a*
2283 3931 2314 3961 Ia
2326 3943 2388 3962 ma-

1334 3975 1409 4004 aiere
1429 3971 1537 4009 abrogare
1558 3972 1588 4000 de
1599 3970 1724 4010 proce'der
1735 3968 1856 4007 sicivant
1869 3978 1896 3998 ce
1907 3969 1993 3998 Droit
2007 3966 2078 3997 dam
2092 3966 2129 3997 les
2144 3971 2260 4001 Arme'es
2274 3980 2307 4000 en
2319 3976 2387 4000 teme
