2536 4255
279 49 357 87 262

127 131 204 163 Ann.
218 129 262 161 D.
314 129 354 161 Et
373 131 439 168 quia
462 129 624 167 accepimus
643 127 722 166 quod
738 127 859 167 prediffl
875 126 1074 158 vicecomites
1087 126 1118 157 in
1131 124 1337 170 Retornissuis

148 170 236 200 1628.
278 169 409 208 predictis
428 169 576 198 emiserunt
600 168 720 196 nomina
732 168 903 198 diverfiirum
917 166 1105 197 Personarum
1121 165 1159 196 de
1173 164 1339 211 separalibus

126 213 180 236 Aa.
193 219 221 244 4.
279 208 390 237 Ballivis
417 207 484 243 luis,
505 207 570 244 qui,
588 214 618 235 ut
640 205 802 242 predicsslmm
817 205 874 243 est,
891 205 1054 237 habuerunt
1067 203 1270 246 Quadraginta
1286 206 1340 233 Ln-

125 249 188 275 Car.
211 257 235 276 i.
279 245 343 274 brar
363 249 442 274 Terre
459 246 504 274 vel
523 244 655 273 Redditus
667 252 717 282 per
735 247 855 276 Annum
868 245 902 276 ὃ(
920 243 1028 275 Milites
1045 252 1115 274 tunc
1136 247 1195 272 nori
1213 243 1343 277 fuerunt,

274 285 323 313 oui
350 292 445 312 tamen
473 285 547 320 juxta
573 282 816 316 Proclamationes
842 283 979 321 predi&as
996 292 1080 322 penes
1100 281 1264 320 presentiam
1283 290 1338 324 no-

277 311 381 359 stram,
407 322 474 352 citra
492 321 651 358 prediffitum
670 321 837 390 Triigfimum
854 325 972 360 primum
1000 321 1158 359 Januarii,
1184 319 1218 349 ad
1244 318 1338 356 predi-

276 359 356 390 Ctum
383 360 512 389 Ordinem
537 359 697 390 Militarem
733 360 932 400 usc‘ipiendum
953 361 1089 391 accedere
1108 358 1276 403 *debuerunt
1301 357 1336 386 &

276 407 335 428 non
361 397 560 436 accesserunt,
581 398 771 430 Thesaurario
797 402 830 432 &
856 400 1011 430 Batonibus
1033 399 1068 429 de
1085 397 1166 440 dicto
1184 398 1334 438 scaccario

274 435 374 466 nostro
396 437 595 467 mandavimus
619 438 715 476 quod,
733 440 770 469 de
788 439 954 469 nominibus
967 438 1099 474 illorum,
1115 444 1163 473 qui
1182 444 1230 471 per
1246 432 1334 479 Vice-

121 480 261 509 ’ΧἨΙΙι
273 477 397 505 comite:
416 476 557 514 predietos
577 477 710 508 retornati
731 487 792 508 non
811 478 924 508 fuerunt
940 500 949 514 ,
972 477 1005 507 δε
1024 477 1072 513 qui
1095 475 1114 494 *²
1134 472 1336 515 ⁴Quadraginta

126 528 207 548 1021,
274 513 378 543 Libras
403 518 484 544 Terre
510 514 560 544 vel
583 515 715 545 Redditus
735 524 784 555 per
802 519 919 546 Annum
934 515 1098 557 habuerunt
1111 536 1121 551 ,
1146 514 1217 541 sicut
1238 509 1334 554 predi-

272 552 353 582 ctum
364 575 373 590 ,
392 554 424 584 &
448 552 557 584 Milites
578 563 638 584 non
652 554 785 593 fuerunt,
803 555 930 592 singulos
943 553 1142 585 Vicecormtes
1158 548 1259 586 Regni
1278 558 1333 579 no-

270 590 318 620 stri
337 591 487 630 diligenter
502 593 607 630 inquiri
623 592 761 623 facerent:
1207 626 1213 631 ,
1238 626 1243 632 .
1297 625 1303 631 .

308 628 408 660 Sciatis
421 631 506 669 igitur
519 630 599 670 quod
613 631 699 669 Nos,
718 632 754 662 de
769 630 914 662 Fidelitate
928 627 1067 659 Industria
1081 628 1115 658 δε
1130 624 1331 670 provrdisCir-

269 668 530 705 ciimspeetionibus
549 669 647 700 vestris
666 671 822 708 plurimum
836 667 1029 705 confidentes,
1048 665 1246 708 affignavimus
1260 673 1333 703 vos,

267 715 316 736 aut
343 708 389 737 sex
401 732 410 746 ,
426 709 567 747 quinque,
585 717 722 747 quatuor,
740 717 794 739 tres
813 707 861 738 vel
884 707 957 737 duos
969 705 1113 742 vestrum,
1127 714 1161 735 ac
1176 704 1274 740 vobis,
1293 703 1327 733 ὃς

264 744 327 783 sex,
345 748 489 784 quinque,
509 757 644 785 quatuor,
663 749 768 785 tribus,
786 747 833 777 vel
847 745 959 776 duobus
973 744 1116 778 vestrum,
1134 743 1246 781 plenam
1270 740 1329 772 Po-

265 783 393 815 testatem
419 787 452 816 ὃς
473 786 688 817 Authoritatem
711 786 810 816 damus
826 785 859 815 &
874 784 1084 826 committimus
1097 790 1148 825 per.
1164 780 1325 825 presentes,

263 821 299 852 ad
321 821 498 854 Taxandum
516 825 549 855 ὃς
572 825 755 856 Affidendum
771 823 852 854 Fines
866 822 946 860 super
961 823 1098 851 omnibus
1112 820 1181 864 illis,
1198 827 1256 849 tam
1274 828 1324 862 qui

263 863 397 892 retornati
418 863 534 894 fuerunt
554 865 587 895 δε
606 863 685 902 sunt,
707 864 762 893 sive
783 860 972 900 imposterum
993 868 1093 897 erunt,
1111 867 1215 902 Virtute
1230 857 1325 895 predi-

263 898 379 930 &orum
396 900 530 933 Brevium
546 901 709 932 nostrorum
724 901 846 932 antehac
861 899 1016 941 fastorum,
1033 907 1122 941 quarn
1139 906 1187 935 qui
1204 895 1323 935 posthac

260 937 366 969 virtute
379 939 500 970 aliorum
511 940 643 972 Brevium
658 940 822 971 nostrorum
837 939 980 969 faetor-um
995 940 1051 967 live
1066 935 1262 966 faciendorum
1278 943 1323 980 re-

260 978 365 1008 tornati
381 987 460 1010 erunt
471 1002 481 1017 ,
500 980 546 1017 qui
558 980 633 1017 juxta
650 979 894 1010 Proclamationes
911 976 1046 1014 preditfihis
1060 975 1217 1011 predictum
1234 972 1322 1017 Orfit-

258 1025 322 1044 nem
334 1015 490 1048 Militarem
503 1027 569 1048 ante
583 1017 745 1056 predit‘tum
761 1015 929 1055 Tricefimum
941 1014 1010 1044 diem
1023 1014 1163 1053 Januarii
1177 1011 1322 1055 suscepisse

257 1052 434 1093 debuerunt,
451 1058 483 1086 δε
497 1065 675 1094 nequaquam
689 1056 866 1094 susceperunt
875 1077 883 1092 ‚
902 1062 961 1084 tam
976 1063 1031 1091 pro
1044 1050 1323 1095 Transgreffionibus

255 1091 438 1161 ¹l'liugusudiodi,
459 1104 546 1133 quam
568 1104 621 1132 pro
640 1094 765 1132 respedtu
787 1095 822 1124 de
839 1093 937 1123 Armis
956 1091 1129 1122 Militaribus
1143 1089 1323 1128 suscipiendis

277 1140 291 1161 a
314 1141 349 1161 en
369 1142 398 1163 o.

295 1168 333 1200 Et
352 1171 416 1202 ideo
437 1171 535 1209 vobis,
561 1171 594 1202 &
616 1171 680 1210 sex,
704 1172 848 1212 quinque,
866 1169 1125 1213 quatuorffitribus,
1142 1167 1188 1212 vel
1208 1166 1322 1210 duobus

258 1207 403 1247 vestrum,
425 1209 613 1248 Mandamus,
633 1211 709 1248 quod
733 1212 809 1241 circa
833 1207 963 1246 premissa
987 1207 1135 1245 diligenter
1151 1205 1320 1250 intendatis,

258 1246 293 1276 &
314 1246 394 1286 super
411 1249 548 1278 omnibus
571 1250 604 1281 &
621 1249 731 1289 singuiis
748 1248 875 1280 Personis
891 1247 1022 1284 predictis
1035 1245 1199 1281 huiusmodi
1215 1244 1320 1289 sines,

252 1285 331 1322 juxta
357 1285 550 1317 Discretiones
571 1286 672 1317 vestras
707 1289 804 1318 taxetis
828 1288 861 1318 &
879 1285 1014 1324 affidafis,
1031 1293 1078 1315 aut
1093 1285 1155 1328 sex,
1172 1292 1318 1321 quinque,

257 1332 396 1361 quatuor,
414 1333 482 1362 tres,
503 1325 549 1354 vel
564 1324 625 1356 duo
641 1311 783 1364 vestrum,
801 1326 939 1356 taxent&
954 1322 1082 1359 affidant,
1099 1332 1128 1352 in
1146 1324 1239 1352 forrna
1254 1331 1318 1365 pre—

256 1361 349 1401 dieta,
370 1361 410 1392 Ita
435 1363 513 1401 quod
530 1362 686 1401 Batonibus
701 1365 739 1396 de
754 1365 834 1394 dieto
850 1364 999 1393 Scaccario
1017 1361 1118 1403 nostro
1131 1360 1167 1391 de
1181 1360 1319 1403 omnibus

252 1400 289 1431 &
305 1400 412 1439 singulis
426 1401 588 1438 huiusmodi
605 1401 738 1442 Finibus,
757 1413 806 1441 per
822 1412 874 1432 vos
886 1403 914 1431 iri
929 1402 1021 1431 forma
1033 1398 1157 1437 predicita
1171 1406 1267 1442 taxatis
1282 1398 1316 1427 δε

252 1438 353 1468 affeffis
376 1439 410 1469 de
435 1440 585 1479 Tempore
605 1441 635 1471 in
655 1441 803 1479 Tempus,
826 1439 1009 1482 certificetis,
1030 1437 1317 1483 aut-sexsqfflssqUe,

252 1485 393 1514 quatuor,
413 1486 486 1517 tres,
507 1479 553 1508 vel
577 1479 650 1510 duos
667 1480 790 1511 vestrum
813 1479 984 1514 certificent,
1003 1485 1033 1506 ut
1057 1475 1221 1520 Finesillos
1235 1474 1269 1505 ad
1285 1485 1317 1504 u-

252 1514 314 1544 sum
329 1515 458 1546 nostrum
472 1517 574 1549 debito
587 1517 680 1547 modo
693 1517 1033 1553 leventur&solvantur;
1051 1515 1084 1546 &
1100 1513 1239 1552 quicquid
1255 1523 1318 1558 vos,

253 1560 301 1584 aut
324 1553 388 1593 sex,
407 1555 549 1594 quinque,
569 1565 711 1594 quatuor,
729 1566 800 1594 tres,
819 1565 865 1586 aut
883 1555 943 1585 duo
964 1553 1113 1590 vestrum,
1127 1555 1161 1597 jn
1180 1551 1317 1597 premiffis

252 1591 396 1630 feceritis,
412 1603 464 1624 nos
479 1603 573 1625 ratum
588 1595 620 1626 &
634 1603 746 1634 gratum
761 1595 943 1631 habebimus,
960 1594 992 1624 &
1007 1602 1109 1622 omnes
1125 1592 1185 1621 illos
1197 1601 1243 1635 qui
1259 1591 1316 1634 hu-

247 1630 372 1668 jusmodi
394 1631 476 1662 Fines
498 1633 647 1664 vobiscum
669 1634 787 1664 fecerint
810 1643 863 1672 pro
888 1630 1146 1674 transgressionibus
1166 1629 1318 1670 premitis,

248 1678 303 1737 ¹rios
324 1672 558 1711 eii-onerabimus,
574 1673 607 1703 &
624 1674 767 1703 exonerati
791 1680 872 1703 erunt
888 1679 953 1711 erga
971 1680 1024 1701 nos
1043 1670 1162 1707 proinde
1183 1679 1233 1707 per
1249 1668 1317 1699 Pre-

260 1716 345 1738 entes.

287 1783 323 1815 In
341 1785 420 1824 cujus
439 1786 495 1825 rei,
514 1787 577 1819 ἂς.

285 1861 379 1895 Teste
397 1861 480 1902 Rege
497 1863 571 1902 apud
589 1863 866 1906 westmonasterium,
885 1863 1007 1905 vicefimo
1020 1871 1090 1894 nono
1104 1860 1146 1892 die
1160 1863 1242 1892 Maii.

877 1943 931 1972 Per
949 1944 1033 1981 ipsum
1050 1942 1158 1978 Regem.

428 2067 622 2115 Congedessier
639 2081 693 2117 pro
711 2068 934 2118 Archiepisc'opo
951 2068 1134 2114 Eboracensi.

93 2141 231 2213 Αιῐὲῐέὃῠ.
251 2150 396 2209 REX,
414 2154 476 2202 ἃς.
497 2153 617 2199 Βίἰεᾷἱε
632 2155 732 2186 Nobis
746 2157 775 2186 in
792 2155 910 2201 Claristo
926 2159 1040 2201 Decaqm
1057 2154 1239 2224 &pafnuh
1253 2153 1313 2186 Ec-

91 2224 154 2248 Par.
173 2206 202 2258 4·-
244 2190 407 2260 Salutg‘lsssle
431 2192 608 2225 Lathedraiis
623 2195 657 2225 ὃς
674 2194 899 2233 Ικίεῑῐοροίιῑαηε
915 2195 1014 2227 San&
1026 2198 1104 2226 Petri
1118 2197 1145 2225 Ε
1166 2204 1261 2224 oracen
1273 2205 1312 2233 ts,

91 2262 152 2286 Gir.
175 2271 199 2288 ¹*
280 2266 324 2309 ER<
341 2277 417 2305 Parte
430 2270 521 2302 vestra
536 2271 635 2303 Nobis
650 2271 692 2302 est
708 2273 856 2303 humiliter
873 2273 1078 2311 supplicatum,
1097 2279 1146 2310 ut,
1165 2281 1235 2302 cum
1251 2270 1309 2302 Ec..

88 2303 115 2334 P·
136 2300 180 2333 36-
245 2304 333 2349 clelia'
349 2309 475 2345 predicta
499 2320 549 2347 per
570 2310 704 2342 Mortem
725 2312 881 2342 naturalem
897 2313 990 2343 ultimi
1008 2312 1221 2349 Archiepiscopi
1235 2310 1308 2349 ejus-

89 2344 116 2363 ὓ·
140 2346 183 2365 ¹2·
243 2343 309 2374 dem
322 2354 382 2382 Jam
397 2357 477 2379 vacet
495 2350 529 2380 ὃς
544 2349 668 2381 Pastoris
679 2350 776 2381 solatio
789 2352 819 2381 iit
833 2350 980 2388 destituta,
998 2351 1085 2381 alium
1101 2351 1185 2381 vobis
1196 2350 1306 2389 eligen-

240 2382 268 2412 di
284 2384 313 2427 iri
328 2385 584 2425 Archiepiscopum
599 2389 631 2419 ὃς
646 2388 794 2420 Pastorem
809 2390 951 2421 licentiam
967 2389 1095 2420 nostram
1112 2389 1306 2420 fundatoriatn

240 2423 322 2451 vobis
336 2429 493 2456 concedere
506 2428 706 2466 dignaremur,

277 2460 365 2504 Nos,
386 2463 521 2495 Precibus
543 2466 638 2496 vestris
652 2467 681 2496 in
696 2469 748 2497 nac
767 2475 843 2505 parte
858 2467 1052 2499 favorabiliter
1069 2467 1252 2506 inclinantes,
1270 2468 1302 2498 li-

238 2508 370 2529 cenciam
387 2501 463 2531 illam
481 2504 563 2533 vobis
577 2504 710 2535 duximus
725 2505 954 2536 concedendam:

276 2538 438 2581 Rogantes,
464 2550 497 2570 ac
524 2543 552 2571 in
575 2541 629 2572 fide
654 2546 686 2574 ὃ(
702 2544 872 2582 dileffiorie,
898 2546 998 2581 quibus
1025 2545 1123 2577 Nobis
1146 2548 1301 2587 tenemini,

238 2584 440 2615 precipientes,
460 2581 537 2615 quod
560 2581 644 2610 talem
658 2582 739 2611 vobis
754 2583 858 2619 eligatis
876 2584 904 2612 in
922 2583 1179 2623 Archicpi'scopum
1194 2588 1227 2616 ὅ(
1244 2587 1300 2617 Pa-

234 2614 340 2682 ὲὶὲῑῗηῑ
353 2619 438 2683 ,stqui'
460 2616 528 2647 Deo
547 2618 665 2649 devotus
678 2642 688 2658 ,
713 2619 863 2658 Nobisque
880 2622 913 2652 δε
934 2621 1038 2661 Regno
1054 2624 1155 2655 nostro
1174 2625 1247 2656 utilis
1264 2626 1298 2656 &

256 2665 259 2670 '
274 2662 288 2682 e
301 2664 320 2682 13
333 2662 375 2683 cxi
403 2664 437 2685 at.

267 2728 300 2759 In
321 2732 399 2768 cujus
418 2732 478 2770 rei,
496 2732 556 2763 &e

266 2805 356 2837 Teste
379 2808 458 2846 Rege
475 2811 550 2847 apud
572 2809 847 2851 PWstmonallerium,
865 2812 970 2850 quinto
987 2812 1033 2844 die
1047 2813 1141 2853 Junii.

664 2889 719 2917 Per
737 2890 831 2918 Breve
845 2888 878 2918 de
896 2891 1016 2921 Privato
1034 2892 1134 2930 sigillo.

225 2961 276 2970 *a

273 3010 322 3040 De
359 3008 556 3052 Commiffione
582 3012 708 3057 speciali
731 3015 896 3048 Emanueli
918 3018 1030 3050 comiti
1050 3017 1246 3054 Sunderland

686 3064 723 3098 ω’*
747 3063 827 3096 aliis.

75 3152 155 3182 Arm·
169 3150 211 3183 1)-
227 3141 366 3201 REX,
388 3144 450 3175 &c.
489 3143 652 3175 Prediieeto
674 3147 708 3178 ὃς
729 3156 866 3185 perquam
885 3146 960 3179 fideli
984 3149 1209 3193 Consanguineo
1231 3166 1287 3187 no-

145 3200 158 3211 .,
297 3180 356 3212 stro

75 3191 191 3265 pJffJ
262 3205 410 3250 EmanZeli
425 3223 524 3251 comiti
539 3221 713 3252 Sunderland
726 3222 881 3255 Presidenti
891 3224 1017 3256 Concilii
1035 3230 1121 3259 nostri
1139 3232 1168 3261 in
1184 3232 1285 3264 borea-

75 3270 137 3295 ear.
157 3277 179 3298 1·
223 3257 295 3287 libus
309 3260 446 3301 partibus,
463 3261 497 3291 &
512 3259 667 3291 Prelidenti
686 3264 719 3292 ὃς
736 3261 955 3299 Viceprelidcnti
972 3265 1043 3297 dien
1059 3268 1181 3300 Consilii
1195 3272 1283 3303 nostri

73 3310 100 3341 p⁴
122 3314 168 3341 23·
223 3297 252 3326 in
267 3299 389 3332 partibus
405 3298 565 3329 borealibus
578 3308 629 3338 pro
643 3299 795 3338 Tempore
812 3301 1013 3342 existentibus,

75 3352 103 3370 ς,
121 3343 166 3371 28,
261 3333 332 3365 Nec
346 3345 406 3365 non
419 3336 666 3368 Reverendiffimo
682 3339 710 3367 in
727 3338 846 3369 Christo
865 3339 956 3379 Patri,

258 3374 339 3402 Tobie
359 3375 560 3416 Archiepistopo
578 3376 698 3406 Eborum
721 3377 825 3414 Anglie
846 3377 964 3409 Primati
980 3380 1013 3410 δε
1033 3381 1264 3423 Metropolitano

165 3436 171 3440 ⁷
223 3413 257 3443 &
271 3413 498 3450 Archiepiicopo
512 3415 633 3444 Eborum
648 3425 700 3452 pro
714 3415 864 3453 Tempore
879 3417 1003 3448 existenti
1012 3442 1022 3457 ‚
1270 3410 1281 3427 ³

258 3451 305 3480 Ac
325 3452 411 3482 etiam
431 3451 609 3484 Chariffimis
630 3453 852 3494 Consanguineis
870 3454 986 3494 nostris,

255 3492 329 3518 Fran
333 3490 396 3528 cisso
408 3494 508 3520 comiti
523 3493 646 3521 Cambrie
653 3517 663 3530 ,

252 3528 396 3558 Edmundo
414 3532 511 3575 comiti
529 3530 682 3568 Mulgrave
700 3532 855 3570 prenobilis
867 3532 984 3564 Ordinis
996 3534 1119 3567 Garterii
1137 3537 1242 3579 Militi,

65 3597 109 3623 *x
116 3599 154 3625 vr
160 3599 170 3625 1
176 3600 198 3626 1.
248 3567 682 3646 Effertssrecriiiiigioflifdiinrgfh'

60 3643 148 3665 ,10222

250 3644 367 3672 Hmrico
386 3647 502 3674 Domino
521 3646 651 3684 Clifford,

252 3681 294 3709 Ας
311 3681 483 3713 Reverendo
499 3686 525 3713 {n
540 3685 659 3715 Christo
670 3684 747 3716 Patri
1048 3688 1195 3728 Episcopo
1209 3695 1273 3723 Du-

211 3717 353 3757 nelmeusl,
373 3722 406 3751 ἃ
421 3721 567 3759 Episcopo
584 3723 760 3764 Dtmt’lmenfi
776 3733 830 3762 pro
843 3723 996 3763 Tempore
1008 3728 1159 3768 existenti,

245 3755 284 3785 Et
300 3757 471 3789 Reverendo
489 3762 517 3790 in
537 3761 654 3792 Christo
674 3762 765 3800 Patri,

206 3795 381 3868 poigag'ilfi-‘I
401 3799 525 3841 Episcopo
543 3799 704 3842 Carliolenfi
720 3801 754 3833 &
771 3800 917 3842 Episcopo
931 3802 1095 3845 Cdrliolenfi
1104 3814 1159 3845 pro
1175 3805 1269 3840 Tem-

321 3842 337 3862 ·i
363 3843 438 3872 enti,

689 37 1507 88 CONVENTIONES,

1563 39 1958 91 LITERAE,

1412 122 1460 155 Ac
1483 124 1642 162 predilectis
1659 125 1776 165 nostris,
2465 127 2534 160 Aun

1425 162 1548 207 ,ohanm'
1565 167 1682 195 Domino
1699 168 1819 205 Darcie,
2483 167 2536 198 162

1413 209 1512 273 wame
1527 242 1646 270 Domino
1658 240 1796 281 Fairfax,
2458 212 2536 278 ἕξιν...

1410 277 1458 309 Ac
1475 277 1583 309 dilecto
1601 281 1636 309 &
1654 289 1793 319 perquam
1810 278 1887 310 fideli
1905 278 2076 311 Confiliario
2094 278 2215 318 nostro,

1406 315 1538 354 Johanm'
1554 316 1651 347 Savile
1669 318 1774 356 Militi,
1793 317 2058 351 Contrarotulatori
2074 317 2201 358 Hospitii
2218 317 2307 350 nostri
2313 322 2325 358 ,¹

1410 353 1480 384 Nec
1499 364 1559 385 non
1578 356 1688 386 ducetis
1704 357 1738 387 &
1756 357 1885 387 fidelibus
1901 358 2018 395 nostris,

1408 391 1587 437 Justiqiariis.
1597 393 1695 431 nostris
1713 395 1754 425 ad
1773 395 1881 435 Affisas
1899 396 1929 426 in
1945 396 2072 428 Partibus
2089 395 2255 428 Borealibus
2271 404 2326 435 pro
2342 395 2439 430 Tem·

1370 431 1678 538 poizeifggiffgniizitso’n
1697 469 1801 510 Militi,
1817 471 2102 511 uniJusticiariorum
2114 473 2283 507 nostrorum
2295 471 2439 513 deeora,

1371 516 1454 538 muni
1495 518 1587 546 anco,

1407 546 1507 577 Thome
1525 548 1720 586 Wintworth,

1407 588 1530 616 Henrico
1547 586 1662 624 Savile,

1406 625 1518 654 Davidi
1535 624 1639 654 Fowles
1649 647 1659 663 ‚

1405 663 1588 693 Marmaduco
1608 668 1639 692 W
1645 661 1717 693 ivel!
1723 686 1734 701 ,

1405 701 1550 732 Militibus
1567 703 1601 733 &
1620 700 1795 741 Baronettis,

1405 741 1552 770 Edwardo
1570 739 1707 779 stanhope
1722 739 1895 772 honorabilis
1913 739 2033 773 Ordinis
2048 738 2146 773 Balnei
2164 739 2273 781 Militi,

1402 779 1523 808 Henrico
1541 778 1677 817 Slingesby
1696 778 1802 819 Militi,

1397 819 1427 846 T
1422 816 1496 845 home
1514 818 1650 856 Fairqfax
1670 816 1776 856 Militi,

1401 854 1565 894 Christofero
1581 855 1722 894 Hildyard
1737 855 1846 895 Militi,

1397 893 1498 924 Thome
1518 892 1648 923 Metham
1669 893 1776 933 Militi,

1398 935 1442 963 W
1442 930 1552 962 illie-lma
1571 931 1683 973 Alford
1700 930 1806 969 Militi,

1399 973 1523 1001 chrico
1540 971 1672 1001 Goodrick
1691 970 1798 1008 Militi,

1397 1010 1512 1039 Ricardo
1530 1008 1666 1049 cholmley
1686 1008 1796 1047 Militi,

1395 1048 1528 1087 Johanni
1542 1049 1642 1088 Gibsim
1661 1046 1772 1086 Militi,

1400 1086 1547 1117 Wllielmo
1564 1086 1639 1116 Ellis
1654 1085 1765 1125 Militi,

1396 1126 1496 1156 Thome
1513 1125 1626 1165 Tilcssey
1647 1124 1754 1162 Militi,

1396 1163 1526 1202 Johanm‘
1547 1163 1681 1193 Low-ther
1699 1162 1807 1200 Militi,

1395 1203 1529 1240 Arthuro
1544 1206 1660 1240 Ingram
1677 1202 1790 1234 Seniori
1809 1199 1914 1240 Militi,

1395 1244 1514 1272 Henrico
1532 1241 1663 1271 Tankerd
1679 1241 1783 1278 Militi,
1890 1278 1895 1284 ’

1397 1280 1528 1310 Arthuro
1546 1283 1659 1316 Ingram
1673 1280 1787 1318 Juniori
1805 1276 1912 1316 Militi,

1392 1319 1509 1349 Ricardo
1525 1321 1614 1358 Dyett
1634 1319 1803 1357 Armigero,

1394 1356 1528 1395 Johanni
1544 1362 1622 1386 Scott
1639 1357 1724 1387 Sacre
1739 1354 1905 1394 Theologie
1927 1354 2083 1387 Profeffori
2100 1358 2213 1387 Decano
2234 1355 2373 1397 Eborum,
2387 1359 2423 1391 δι

1355 1392 1480 1426 Decano
1496 1395 1617 1425 Eborum
1630 1405 1682 1433 pro
1696 1395 1847 1433 Tempore
1859 1393 2009 1432 existenti,

1393 1436 1510 1463 Ricardo
1527 1436 1612 1464 Hunt
1629 1434 1714 1464 sacre
1732 1432 1897 1471 Theologie
1914 1432 2088 1470 Professori,
2104 1435 2218 1464 Decano
2235 1434 2424 1480 Dunelmenfi,

1356 1471 1390 1502 &
1409 1471 1531 1503 Decano
1546 1471 1720 1511 Dunelmenfi
1734 1482 1787 1509 pro
1802 1471 1952 1509 Tempore
1968 1471 2099 1502 existenti
2112 1495 2122 1509 ,

1392 1509 1430 1541 Et
1450 1512 1552 1541 Phinee
1569 1510 1701 1549 Hodgson
1718 1510 1804 1541 Sacre
1821 1509 1986 1548 Theologie
2005 1509 2178 1548 professori,
2191 1510 2330 1543 Salutem.

1393 1549 1496 1580 Sciatis
1515 1552 1595 1587 quod
1619 1560 1688 1587 nos,
1705 1549 1741 1579 de
1765 1547 1975 1586 Fidelitatibus‚
1994 1547 2139 1579 Industriis
2154 1551 2188 1582 &
2206 1551 2335 1588 providis
2350 1551 2420 1583 Cir.

1354 1589 1616 1626 cumspectioriibus
1637 1589 1735 1618 vestris
1762 1588 1918 1625 plurimum
1941 1586 2135 1625 confidentes,
2152 1587 2351 1628 affignavimus
2366 1602 2420 1622 vos

1355 1625 1579 1657 Commissarios
1593 1627 1723 1665 nostros,
1741 1636 1774 1657 ac
1791 1635 1838 1663 per
1856 1625 1999 1655 Presentes
2012 1625 2112 1656 damus
2123 1628 2215 1666 vobis,
2232 1629 2265 1658 δι’.
2280 1629 2421 1667 aliquibus

1354 1674 1475 1703 quatuor
1496 1666 1540 1696 vel
1565 1665 1690 1702 pluribus
1714 1666 1842 1694 vestrum
1864 1664 1997 1701 (quorum
2023 1673 2073 1693 vos
2095 1664 2216 1702 prefatos
2233 1667 2420 1708 Prefidentem

1354 1704 1401 1734 vel
1421 1707 1449 1731 V
1450 1702 1661 1744 iceras-<fidentem
1672 1713 1724 1742 pro
1738 1703 1889 1741 Tempore
1902 1701 2052 1732 existentes
2065 1702 2172 1742 semper
2190 1715 2280 1736 unum
2293 1707 2351 1739 effe
2364 1717 2420 1738 vo-

1354 1743 1466 1781 lumus,
1484 1746 1517 1774 ὃς
1539 1744 1647 1781 aliquos
1674 1742 1799 1773 vestrum
1822 1752 1875 1771 vos
1898 1746 2019 1777 prefatos
2037 1741 2212 1772 VVillielmum
2231 1744 2322 1783 Ellis,
2347 1745 2419 1776 Tho.

1354 1792 1428 1810 mam
1454 1782 1587 1819 Tildlley,
1607 1780 1767 1819 ‘johannem
1786 1778 1942 1817 Lowther,
1967 1779 2127 1809 Arthurum
2141 1784 2254 1818 lngram
2269 1783 2419 1816 Seniorem

1353 1819 1481 1858 Milites,
1498 1823 1644 1851 Ricardum
1665 1823 1754 1858 Dyett
1772 1819 1806 1850 &
1825 1818 1989 1848 Arthurum
2003 1819 2280 1858 lngramjuniorem
2295 1823 2339 1853 vel
2356 1823 2420 1855 De-

1353 1868 1485 1896 putatum
1511 1869 1590 1890 tuum
1611 1860 1639 1889 in
1666 1859 1789 1889 abientia
1808 1867 1872 1895 tua,
1898 1859 2006 1895 semper
2022 1865 2095 1888 quos
2111 1858 2168 1889 effe
2186 1860 2340 1896 volumus)
2359 1863 2420 1900 ple-

1352 1908 1418 1928 nam
1446 1899 1620 1929 Potest-atem
1645 1898 1679 1928 δε
1705 1898 1916 1928 Authoritatein
1936 1897 1971 1926 ad
1993 1898 2093 1926 omnia
2114 1899 2147 1928 &
2167 1898 2272 1938 singula
2289 1898 2421 1933 offensas

1352 1937 1387 1969 &
1407 1936 1561 1968 Malefach
1578 1945 1746 1976 quecunque
1762 1959 1772 1974 ,
1797 1936 1891 1966 &eritas
1907 1957 1918 1974 ,
1944 1936 2023 1978 Lite„-
2037 1958 2047 1974 ,
2072 1934 2287 1968 Controversias
2305 1939 2338 1970 ἃ
2357 1939 2420 1971 De-

1352 1975 1494 2015 maunda,
1518 1976 1640 2013 Causas,
1664 1985 1707 2006 res
1731 1976 1764 2007 ὃ(
1788 1973 1924 2005 Materias
1951 1976 2133 2013 quascunque
2159 1976 2231 2007 infra
2252 1977 2420 2010 Comitatus

1351 2013 1464 2046 nostros
1482 2014 1619 2053 Eburum,
1637 2013 1781 2050 Cambrie,
1799 2012 2008 2050 Northumbrie,
2029 2013 2419 2056 Wostmorlandie&Epifco-

1348 2059 1444 2091 patum
1465 2052 1690 2093 Dunelmertsem,
1715 2056 1871 2083 Civitatem
1887 2052 2007 2081 Eborum
2023 2054 2056 2084 ὃ(
2075 2052 2261 2086 Comitatum
2273 2056 2413 2095 ejusdem,

1350 2095 1505 2122 Civitatem
1525 2092 1715 2162 Carliofnzsem
1725 2115 1734 2131 ‚
1752 2090 1860 2121 Villam
1875 2090 1908 2120 de
1924 2090 2062 2130 Kingstoa
2070 2091 2153 2131 fitper
2167 2093 2244 2123 Hull
2256 2095 2291 2127 &
2307 2093 2416 2126 Comi-

1350 2139 1442 2162 tatum
1457 2132 1599 2171 ejusdem,
1617 2135 1654 2161 Vi
1666 2132 1721 2162 lam
1736 2131 1818 2160 Novi
1833 2127 1922 2169 Castri
1929 2129 2012 2169 ficper
2028 2133 2129 2160 Tinam
2142 2132 2370 2164 &Comitatum
2385 2143 2418 2165 e·

1344 2169 1476 2208 jusdem,
1494 2171 1528 2201 ὃς
1551 2170 1659 2201 Villam
1672 2171 1704 2201 de
1718 2169 1941 2208 Barwickfiaper
1956 2169 2089 2200 medam
2106 2171 2140 2202 &
2153 2171 2327 2203 Libertatem
2343 2173 2416 2212 ejus-

1347 2209 1433 2249 dem,
1460 2208 1669 2247 Contingentia
1691 2209 1737 2239 seu
1761 2206 1973 2247 quoquomodo
1995 2207 2195 2248 Emergentia‚
2210 2212 2415 2251 examinanda,

1346 2247 1500 2286 audienda,
1709 2247 1854 2285 facienda,
1872 2246 2057 2286 exequenda,
2073 2248 2259 2289 expedienda,
2277 2258 2414 2288 peragen-

1346 2286 1399 2325 da,
1417 2285 1616 2326 performanda
1629 2288 1662 2319 &
1693 2287 1791 2317 naliter
1807 2285 2038 2324 determinanda,
2057 2296 2125 2327 que,
2140 2288 2232 2326 qualia
2246 2289 2365 2327 qualiter
2375 2296 2413 2319 ac

1345 2326 1450 2356 eisdem
1471 2326 1562 2356 modo
1576 2328 1609 2358 &
1626 2325 1746 2363 Forma,
1765 2332 1851 2363 prout
1866 2333 1916 2362 per
1931 2321 2138 2357 Instrudtiones
2150 2328 2182 2358 in
2195 2326 2342 2358 Schedulis
2355 2326 2412 2357 hiis

1345 2362 1524 2396 Presentibus
1541 2373 1688 2396 annexatas
1708 2372 1857 2395 contentas
1881 2363 2002 2393 limitate
2016 2365 2051 2396 &
2063 2365 2253 2402 appuneuate
2268 2364 2412 2405 existunt;

1343 2402 1425 2433 salvis
1446 2403 1554 2444 semper
1576 2404 1662 2434 nobis
1685 2402 1848 2434 Heretiibus
1862 2401 1896 2432 &
1912 2401 2127 2433 Successoribus
2142 2402 2243 2433 nostris
2255 2401 2409 2435 Amercia-

1345 2442 1448 2472 mentis
1469 2442 1503 2473 &
1525 2443 1584 2473 aliis
1604 2442 1640 2473 de
1660 2441 1805 2472 Premiffis
1825 2440 1871 2471 seu
1882 2439 1979 2478 aliquo
1992 2439 2196 2472 Premifforum
2210 2441 2409 2474 accidentibus

1342 2479 1390 2510 seu
1404 2481 1619 2519 quoquomodo
1633 2480 1856 2520 Emergentibus
1869 2478 1904 2508 δε
1916 2479 1951 2509 ad
1970 2487 2024 2508 nos
2037 2478 2226 2522 {pedientibus
2245 2490 2252 2510 t
2290 2479 2407 2512 Damus

1341 2519 1434 2557 itaque
1456 2520 1590 2550 universis
1612 2519 1646 2549 δε
1669 2519 1780 2557 singulis
1793 2516 1944 2556 Ducibus,
1962 2514 2200 2560 Marchionibus,
2218 2518 2405 2558 Comitibus‚

1340 2555 1582 2594 vicecomitibus,
1601 2557 1775 2595 Baronibus,
1794 2555 1954 2592 Militibus,
1973 2553 2212 2598 vicecomitibus,
2231 2557 2406 2596 Majoribus,

1337 2595 1512 2633 Senescallis,
1532 2595 1656 2633 Ballivis,
1675 2593 1902 2625 Constabulariis
1922 2594 1957 2624 &
1975 2592 2033 2624 aliis
2045 2593 2198 2625 Officiariis
2212 2597 2246 2627 &
2261 2596 2405 2628 Ministris

1337 2633 1440 2664 nostris
1455 2636 1487 2665 ὃς
1501 2634 1631 2665 fidelibus
1650 2635 1727 2673 ligeis
1742 2633 1842 2663 nostris
1857 2631 2092 2670 quibuscunque,
2110 2642 2168 2664 tam
2183 2635 2254 2666 infra
2270 2636 2403 2666 Liberta-

1335 2681 1376 2702 tes
1393 2682 1481 2709 quam
1506 2681 1601 2709 extra,
1626 2680 1725 2703 tenore
1747 2671 1917 2712 presentium
1939 2670 2054 2700 firmiter
2074 2671 2104 2701 in
2130 2672 2276 2705 Mandatis
2291 2697 2302 2713 ,
2324 2675 2405 2714 quod

1337 2711 1420 2740 vobis
1444 2711 1478 2741 &
1500 2712 1619 2741 cuilibet
1633 2710 1759 2740 vestrum
1775 2711 1804 2739 in
1818 2709 1959 2739 Premiffis
1976 2708 2110 2740 faciendis
2124 2711 2157 2742 ὃς
2171 2711 2345 2751 exequendis
2358 2722 2401 2745 at-

1334 2748 1479 2779 tendentes
1492 2749 1544 2780 fint
1560 2750 1593 2780 ὅ(
1609 2748 1775 2786 assistentes,
1800 2748 1960 2778 auxiliantes
1974 2749 2074 2784 pariter
2090 2749 2122 2788 ὃς
2136 2751 2309 2782 obedientes.

1372 2787 1517 2818 Volumus
1531 2787 1640 2826 insuper
1654 2787 1733 2825 quod
1747 2796 1849 2817 omnes
1864 2788 1897 2817 δε
1912 2786 2018 2824 singule
2034 2786 2086 2816 alie
2099 2786 2328 2821 Commiffiones
2341 2801 2397 2822 no-

1332 2824 1388 2856 stre
1408 2827 1443 2857 ad
1465 2826 1686 2864 inquirendum,
1702 2825 1876 2855 audiendum
1893 2826 1927 2855 &
1950 2825 2163 2856 terminandum
2177 2828 2248 2858 infra
2262 2829 2398 2861 Comita-

1334 2871 1378 2894 tus
1400 2864 1510 2894 nostros
1525 2865 1668 2908 Eburum„
1679 2863 1895 2908 Nerthumbrie,
1910 2862 2049 2901 cumbrae,
2068 2863 2308 2910 lsWstmorla7rdie,
2326 2870 2395 2907 Epi-
2420 2876 2424 2880 ·

1324 2901 1407 2971 53ss
1409 2902 1945 2980 1⁸31vi331⁷2⁶l3⁶053555⁷05025s³221¹&siffis
1946 2902 2395 2981 iss'ssnffstssssjssssssfflffasi‘sz

1331 2981 1414 3010 Novi
1437 2980 1526 3020 Castri
1539 2980 1622 3019 fiaeper
1643 2985 1745 3020 Tynam
1766 2981 1798 3011 ὃ(
1822 2979 1983 3023 Comitatus
1995 2980 2164 3018 earundem,
2180 2984 2213 3013 δε
2228 2982 2334 3015 Villam
2355 2985 2392 3017 de

1329 3019 1478 3048 Barwicke
1489 3018 1573 3058 fiaeper
1589 3020 1719 3048 Twedam
1732 3020 1764 3050 ὃς
1782 3018 1940 3049 Libertates
1951 3018 2075 3054 ejusdem
2090 3021 2305 3061 quibuscunque
2320 3022 2392 3054 Per-

1329 3057 1404 3087 sonis
1418 3067 1484 3088 ante
1500 3058 1554 3088 hac
1569 3057 1692 3096 directeg
1710 3067 1825 3088 necnon
1840 3067 1944 3087 omnes
1957 3058 1989 3086 &
2010 3057 2120 3095 singule
2133 3061 2277 3097 generales
2293 3060 2390 3092 Corn·

1329 3096 1473 3127 missiones
1492 3096 1570 3127 Pacis
1588 3096 1683 3126 nostre
1703 3105 1758 3134 que
1774 3097 1915 3134 separatim
1932 3096 2005 3127 fadte
2019 3095 2074 3126 five
2089 3097 2280 3134 imposterum
2294 3099 2388 3132 fiende

1327 3134 1554 3172 sintJusticiariis
1570 3135 1669 3165 nostris
1682 3135 1716 3165 ad
1734 3134 1834 3165 Pacem
1850 3135 1879 3164 in
1894 3134 2106 3173 Comitatubus,
2124 3135 2317 3177 Episcopatu,
2335 3139 2389 3170 Ci-

1326 3174 1459 3203 vitatibus
1479 3174 1512 3204 &
1531 3173 1610 3203 Villis
1625 3174 1772 3213 predictis,
1790 3174 1824 3204 ὃς
1838 3182 1941 3204 eorum
1954 3173 2048 3211 aliquo
2062 3175 2285 3209 conservandam
2300 3177 2385 3216 affig-

1325 3213 1411 3250 natis,
1431 3222 1464 3242 ac
1485 3213 1584 3242 omnia
1605 3213 1637 3243 ὃς
1661 3212 1767 3250 singula
1788 3213 1816 3242 in
1839 3212 1943 3243 eisdem
1965 3211 2273 3247 Commiffionibus&
2286 3225 2385 3247 earum

1322 3250 1446 3286 qualibet
1464 3259 1601 3282 contenta
1621 3253 1677 3281 sive
1696 3254 1713 3271 ⁴⁸
1731 3250 1919 3289 imposterum
1933 3251 2106 3282 continenda
2125 3253 2196 3289 (hiis
2213 3254 2315 3286 Literis
2326 3264 2383 3285 no·
2400 3280 2446 3308 ‚X

1319 3288 1380 3318 stris
1396 3287 1560 3320 Patentibus
1576 3299 1637 3320 non
1651 3290 1846 3323 obstantibus)
1862 3291 1890 3320 in
1904 3290 1954 3320 suo
1968 3289 2073 3321 robore
2086 3300 2269 3329 permaneant
2286 3295 2320 3325 &
2334 3292 2376 3322 ef·
2450 3283 2533 3314 V¹u⁴

1320 3327 1399 3358 festu
1420 3337 1426 3356 2
1453 3327 1491 3358 Et
1506 3328 1585 3365 quod
1602 3329 1638 3358 he
1654 3329 1762 3360 Littere
1777 3327 1872 3359 nostre
1888 3327 2037 3366 Patentes,
2056 3339 2117 3360 non
2132 3331 2309 3363 obstantibus
2320 3330 2381 3362 aliis
2404 3327 2486 3358 ¹⁰²3·

1320 3364 1579 3397 Commiffionibus
1597 3375 1656 3397 tam
1676 3368 1711 3397 ad
1733 3367 1950 3405 inquirendum,
1975 3367 2146 3399 audiendum
2167 3371 2202 3402 δε
2225 3369 2379 3400 terminan-

1317 3404 1389 3435 dum
1403 3414 1487 3441 quam
1506 3405 1562 3435 aliis
1576 3403 1838 3437 Commiffionibus
1851 3404 1933 3436 Pacis
1947 3405 2042 3437 nostre
2054 3407 2084 3436 in
2098 3407 2202 3438 eisdem
2211 3405 2379 3439 Comitatu-

1317 3443 1390 3481 bus,
1409 3442 1581 3482 Episcopatu
1592 3465 1601 3480 ,
1619 3443 1788 3475 Civitatibus
1807 3444 1842 3474 &
1864 3444 1946 3475 Villis
1957 3444 2089 3482 prediCtis
2100 3453 2147 3476 aut
2161 3454 2264 3477 eorum
2280 3446 2378 3490 aliquo

1316 3482 1514 3512 conservandis
1532 3482 1746 3521 quibuscunque
1766 3482 1898 3514 Personis
1915 3492 1981 3514 ante
1998 3481 2055 3515 hec
2068 3483 2213 3523 Tempora
2223 3483 2306 3515 saetis
2319 3487 2378 3516 sive

1316 3520 1459 3551 concess‘is
1483 3528 1529 3551 aut
1548 3520 1736 3558 imposterum
1758 3520 1858 3553 fiendis
1878 3530 1927 3553 aut
1941 3521 2108 3561 dirigendis,
2125 3522 2154 3552 in
2167 3521 2250 3553 omni
2264 3522 2316 3555 suo
2326 3534 2374 3557 ro-

1317 3559 1387 3589 bore
1402 3567 1585 3598 permaneant
1598 3559 1631 3590 &
1646 3560 1762 3592 effectu.

1518 2248 1673 2279 decidenda
1672 2270 1692 2316 ἐ

1349 3634 1383 3666 In
1403 3638 1482 3675 cujus
1501 3637 1559 3675 rei,
1576 3636 1639 3668 &c-

1347 3709 1438 3743 Teste
1457 3711 1541 3753 Rege
1553 3712 1629 3753 apud
1647 3711 1926 3753 Westmonasterium,
1941 3719 2021 3743 nono
2035 3709 2082 3741 die
2097 3709 2188 3749 Junii.

1742 3791 1796 3820 Per
1812 3791 1908 3820 Breve
1920 3788 1954 3819 a'e
1967 3787 2088 3819 Privato
2105 3788 2212 3828 sigillo,

2251 3989 2289 4018 A
2300 3990 2369 4022 Pro-
