2536 4255
752 125 871 172 ET
954 130 1218 174 ACTA

0 206 3 211 ’
34 191 109 228 35¹⁰·
119 189 164 224 D·
214 209 346 241 Rohertus
360 209 496 252 Gaylard,
513 212 663 254 Clericus,
683 214 720 246 A.
736 214 782 246 M.
791 216 875 248 habet
891 217 1053 262 consimiles
1069 218 1174 250 Literas
1189 220 1245 251 Pa-

6 249 7 253 ’
41 232 146 270 ‘²⁶34‘
178 256 268 280 tentes
285 249 320 280 de
336 252 538 288 presentatione
554 253 589 284 ad
609 252 780 284 Rectoriam
803 256 840 286 de
861 256 972 296 Kelston
995 257 1126 288 Diocesis
1140 259 1247 289 Batho-

74 291 81 298 “
103 280 147 298 ¹⁰⁸
177 287 273 326 nimfis
287 286 325 323 ὠ·
344 289 501 330 Wllensi's,
523 293 583 330 jam
609 292 756 329 legittime
777 293 810 324 ὃς
833 294 869 324 de
888 295 952 332 jure
971 300 1136 334 vacantem,
1155 297 1188 327 δε
1211 298 1246 328 ad

21 313 127 337 ⁹⁶⁹³*
176 326 303 358 nostram
319 326 556 368 prelenta'tionem
571 339 619 367 per
638 329 761 368 Lapsum
775 334 911 369 temporis
933 333 989 363 five
1007 344 1055 371 per
1078 336 1246 372 pravitatem

20 350 80 375 *Nm
96 356 126 382 4'
175 365 326 403 Simonie,
345 368 400 398 hac
416 369 480 398 vice
495 369 689 406 specstantem3
707 368 744 398 Et
759 369 918 406 diriguntur
933 371 969 400 he
986 372 1082 403 Litere
1099 373 1247 404 Reveren-

177 405 217 434 do
238 405 267 435 in
285 404 406 436 Christo
431 405 507 437 Patri
526 406 659 437 Domino
683 405 837 446 willielmo,
869 409 1046 451 Bathom'enfi
1065 410 1102 446 (ἐν
1119 412 1248 453 WZ=llenfi

178 443 397 522 EsssgsigtRege
409 482 485 521 apud
499 481 760 521 westmonasterium
769 506 779 523 ,
796 483 912 516 decimo
927 486 974 517 die
995 487 1114 525 Aprilir.

18 551 78 577 ΑΜ·
98 556 127 583 5·
217 559 350 590 Robertus
371 563 518 596 Freeman,
546 557 695 598 Clericus,
730 560 766 591 A.
789 560 834 591 M.
851 562 936 593 habet
960 564 1120 595 consimiles
1139 564 1245 597 Literas

178 597 310 629 Parentes
331 599 367 628 de
385 597 591 636 presentatione
617 598 651 628 ad
671 599 697 629 V
700 599 815 629 icariam
831 600 867 630 de
890 603 985 631 Horne
1011 602 1097 641 casile
1114 603 1245 635 Diocesis

177 637 342 674 Lincolm‘e,
351 646 403 675 per
420 645 546 666 mortem
561 636 655 666 ultimi
671 636 868 668 incumbentis
885 640 993 669 ibidem
1005 642 1062 678 jam
1081 651 1245 681 vacantem,

177 677 212 706 &
226 676 262 706 ad
278 676 405 706 nostram
421 674 658 712 presentationem
674 676 780 707 ratione
793 676 942 715 Utlagarie
959 680 1072 722 He77ric{
1084 683 1166 720 Fynes
1183 681 1245 711 Mi-

177 714 232 745 litis
249 737 259 753 ,
295 724 349 752 pro
375 713 429 744 hac
450 715 515 744 vice
538 713 731 751 spectantem3
757 714 794 744 Et
813 715 1020 753 dirigunturhc
1038 717 1132 749 Litere
1148 719 1246 750 Reve-

176 752 268 784 rendo
302 753 331 782 in
364 751 485 783 Christo
518 751 596 782 Patri
626 751 764 782 Domino
794 753 924 791 Johanni
946 777 956 793 ,
995 756 1136 786 Lincolnie
1175 758 1246 796 Epi-

182 792 303 861 scssets'ce
321 828 404 869 Rege
418 828 492 869 apud
518 826 782 868 westmonasterium
800 852 811 869 ,
848 829 966 861 decimo
995 839 1095 870 quarto
1122 833 1167 866 die
1197 838 1247 865 A-

171 868 260 908 prilis.

209 944 358 984 Johannes
374 943 516 983 rmybred
528 967 538 982 ,
556 942 704 982 Clericus,
725 944 761 975 A.
782 943 830 975 M.
855 945 942 977 habet
957 947 1116 978 consimiles
1132 947 1243 980 Literas

174 982 309 1014 Parentes
323 983 360 1014 de
376 983 580 1023 presentatione
601 983 635 1012 ad
656 983 801 1014 Vicariam
825 983 863 1014 de
882 985 1003 1026 Lowsby
1021 985 1153 1017 Diocesis
1172 990 1244 1017 Lin-

175 1022 276 1059 colnie,
301 1023 362 1060 jam
390 1020 530 1060 legittime
548 1021 581 1051 &
607 1020 643 1051 de
658 1021 720 1059 jure
737 1031 905 1061 vacantem,
929 1025 963 1055 &
981 1023 1015 1054 ad
1034 1024 1244 1070 iiostrampre-

171 1061 359 1092 sentationem
380 1068 430 1098 per
449 1059 617 1097 pravitatem
632 1059 765 1090 Simonie
779 1060 835 1092 five
850 1071 897 1099 per
913 1062 1242 1108 Lapsumtemporishac

173 1101 240 1130 vice
258 1098 445 1137 spectantem,
468 1097 505 1128 Et
523 1098 682 1136 diriguntur
702 1098 738 1129 lie
760 1099 852 1130 Litere
880 1099 1055 1132 Reverendo
1075 1111 1103 1131 in
1123 1101 1243 1133 Christo

174 1138 252 1171 Patri
269 1137 407 1168 Domino
426 1135 572 1176 Johanni‚
590 1136 732 1167 Lincolnie
752 1136 913 1182 Episcopo.
1036 1178 1041 1183 .
1144 1179 1150 1185 .

206 1174 297 1207 Teste
320 1175 405 1216 Rege
424 1175 500 1213 apud
521 1174 786 1216 Wstmonaslerium
808 1200 818 1216 ,
850 1177 967 1208 decimo
996 1185 1097 1216 quinto
1121 1178 1169 1210 die
1195 1181 1244 1209 A·

169 1214 259 1254 prilis.
315 1234 317 1236 -

14 970 80 996 ,Nm
98 966 126 994 6.

9 1307 11 1313 ι
25 1290 74 1315 ΝΟ·
95 1295 121 1322 7·
207 1294 346 1322 Gawinus
361 1289 532 1330 Eggleftild,
549 1290 737 1330 Clericus,in
757 1291 876 1322 Artibus
894 1291 1053 1337 Magister,
1066 1292 1153 1325 habet
1169 1303 1242 1324 con-

169 1331 271 1362 similes
292 1330 398 1360 Literas
418 1329 551 1360 Parentes
564 1330 603 1360 de
628 1331 834 1367 presentatione
861 1330 896 1373 ad
926 1330 1097 1376 RcG-loriam
1123 1333 1159 1363 de
1182 1337 1244 1376 We-

161 1370 226 1409 stou
245 1369 309 1399 alias
327 1368 412 1398 South
429 1367 538 1407 lVeston
557 1367 688 1398 Diocefis
715 1371 839 1405 Oxonie,
859 1378 919 1406 jam
940 1369 1082 1413 legittime
1097 1371 1130 1400 &
1147 1371 1183 1402 de
1195 1382 1241 1418 jii-

167 1419 198 1440 re
218 1415 388 1445 vacantem,
415 1407 449 1437 &
472 1406 506 1437 ad
532 1405 657 1436 nostram
675 1405 912 1442 presentationem
931 1418 979 1445 per
1005 1418 1173 1446 pravuatem
1192 1412 1240 1454 bi-

168 1449 269 1478 monie
292 1446 349 1477 five
372 1455 422 1483 per
443 1443 568 1481 Lapsum
587 1444 728 1482 temporis
749 1444 805 1474 hac
828 1446 892 1476 vice
904 1445 1098 1485 spectantem,
1117 1447 1155 1478 Et
1172 1447 1241 1478 diri-

165 1494 268 1525 guntur
287 1485 326 1515 he
345 1484 442 1515 Litere
460 1481 632 1512 Reverendo
651 1483 682 1512 in
701 1480 822 1513 Christo
841 1483 918 1515 Patri
938 1484 1072 1515 Domino
1089 1484 1240 1526 Johanni,

169 1527 277 1554 Oxonie
292 1522 450 1558 Episcopo.
740 1563 745 1567 ι
915 1562 921 1567 .
1042 1563 1046 1568 .
1095 1566 1097 1568 η
1147 1564 1152 1569 .

208 1560 300 1593 Teste
322 1560 409 1598 Rege
429 1557 502 1597 apud
527 1557 790 1599 Wstmonastermm
809 1584 820 1600 ,
857 1560 977 1592 decimo
1002 1571 1102 1600 quinto
1124 1563 1171 1595 die
1192 1567 1240 1594 A·

165 1601 255 1641 prilis.

203 1681 284 1715 Hugo
303 1674 410 1715 Lloyd,
437 1672 583 1712 Clericus,
612 1674 698 1705 habet
722 1675 886 1707 consimiles
913 1676 1020 1708 Literas
1044 1677 1176 1710 Patentes
1201 1679 1239 1710 de

162 1717 369 1756 presentatioiie
394 1712 430 1744 ad
457 1713 625 1744 Rerstoriam
652 1714 747 1748 Samii
766 1715 882 1745 Andree
901 1715 1033 1747 Diocefis
1059 1718 1233 1748 Laudaven-

162 1756 197 1796 fis
261 1755 324 1792 jam
348 1751 490 1790 legittime
515 1753 549 1783 &
567 1752 604 1781 de
617 1752 679 1791 jure
697 1759 850 1784 vacantem
877 1769 887 1792 ,
913 1754 946 1785 ὅτ,
969 1754 1004 1784 ad
1021 1755 1148 1786 nostram
1174 1765 1238 1796 pre-

166 1778 357 1825 sensationem
376 1801 425 1829 per
449 1791 616 1830 pravitatem
638 1790 772 1822 Simonie
796 1792 853 1831 five
876 1801 926 1830 per
950 1792 1072 1832 Lapsum
1098 1804 1157 1826 tem
1180 1797 1238 1827 oris

164 1829 218 1864 liae
235 1833 301 1863 vice
319 1830 514 1868 spectantem3
533 1827 572 1859 Et
590 1828 750 1869 diriguntur
768 1830 806 1862 he
825 1830 920 1861 Litere
928 1831 1101 1864 Reverendo
1110 1834 1139 1864 in
1179 1834 1238 1866 liri-

162 1871 209 1902 sto
225 1869 304 1901 Patri
322 1869 461 1900 Domino
480 1867 621 1897 Willielmo
637 1891 647 1907 ,
665 1868 848 1910 Landavensz
869 1868 1026 1914 Episcopo.

198 1909 290 1940 Teste
304 1908 388 1948 Rege
401 1906 477 1946 apud
493 1905 752 1947 Wqstmonasterium
769 1930 780 1947 ,
815 1909 951 1939 vicesimo
972 1910 1098 1942 iecundo
1116 1911 1163 1943 die
1186 1914 1236 1943 A-

158 1947 250 1988 prilis.

2 1685 65 1710 JNo.
84 1680 112 1709 S.

199 2024 347 2066 Johannei·
361 2023 494 2062 Shelton,
521 2021 668 2062 Clericus,
687 2024 716 2054 in
740 2023 856 2068 Artibus
882 2024 1045 2070 Magister,
1062 2026 1148 2060 habet
1164 2038 1237 2060 con-

165 2065 269 2097 similes
286 2064 395 2095 Literas
420 2063 553 2095 Patentes
575 2063 612 2094 de
640 2063 845 2101 presentatione
860 2064 902 2108 *ad
925 2064 1073 2110 Vicariam.
1093 2067 1130 2111 de
1149 2069 1237 2098 Reede

162 2099 297 2136 Diocesis
314 2102 514 2141 Noywicenfis,
539 2110 591 2140 per
616 2110 743 2133 mortem
771 2102 868 2133 ultimi
887 2102 1087 2135 incumbentis
1101 2115 1162 2143 Jam
1188 2117 1237 2138 va-

162 2152 296 2180 cantem,
320 2143 355 2174 &
380 2140 416 2172 ad
431 2140 567 2172 ‘nostram
592 2139 828 2178 presentationem
847 2140 933 2186 pleno
954 2143 1024 2187 jure·
1041 2143 1237 2189 speciantem3

161 2182 202 2213 Et
218 2182 379 2219 diriguntur
396 2181 435 2211 he
462 2180 556 2210 Litere
574 2178 747 2211 Reverendo
762 2181 794 2211 in
811 2179 931 2211 Christo
949 2180 1170 2214 PatriDoniino
1184 2188 1237 2215 Ri-

160 2221 261 2257 cardo,
288 2216 462 2260 Norrwicenfi
478 2217 632 2256 Episcopo.
695 2260 700 2264 -
901 2259 907 2265 .
1001 2260 1006 2266 ¹
1112 2264 1139 2269 ..

195 2259 287 2290 Teste
303 2257 473 2297 Regeapud
489 2255 746 2298 qubmonasterzum
756 2280 766 2296 ,
783 2257 963 2290 duodecimo
977 2258 1024 2290 die
1040 2260 1163 2301 Aprtlts.

12 2044 62 2087 No.
79 2049 110 2077 9.

198 2336 332 2368 Rohertu's
353 2339 455 2374 Sayer,
480 2333 630 2373 Clericus,
656 2335 688 2365 in
708 2334 826 2365 Artibus
853 2334 1008 2380 Miigis’ter,
1036 2337 1123 2369 habet
1142 2340 1238 2371 consi-

166 2377 247 2407 miles
265 2375 374 2406 Literas
394 2375 520 2405 Parentes
534 2375 569 2404 de
589 2373 795 2411 presentatione
813 2373 848 2404 ad
866 2374 1011 2418 Vicariam
1037 2376 1074 2406 de
1093 2379 1237 2416 Gretting-

167 2415 232 2445 ham
257 2414 388 2445 Diocefis
413 2412 593 2453 Norwicensis
613 2435 622 2451 ,
660 2422 708 2450 per
738 2420 865 2443 mortem
882 2414 978 2457 ultimi
999 2415 1016 2433 ἥ
1034 2413 1237 2460 Incumbeiitis

166 2453 275 2487 ibidem
294 2455 352 2491 jam
372 2461 543 2490 vacantem,
560 2452 593 2482 &
612 2450 647 2482 ad
665 2449 791 2482 nostram
811 2451 1046 2496 presentationem
1066 2454 1152 2498 pleno
1172 2465 1236 2494 jure

164 2493 363 2531 speitantem3
391 2490 428 2521 Et
449 2491 609 2529 diriguntur
627 2489 664 2519 he
684 2489 784 2534 Litere
799 2489 976 2521 Reverendo
996 2491 1163 2534 inffihristo
1182 2494 1236 2526 Pa-

162 2533 196 2563 tri
216 2530 353 2561 Domino
372 2529 489 2559 Ricardo
512 2552 521 2566 ,
540 2527 709 2568 Norwicenfi
729 2527 882 2569 Episcopo.
933 2568 937 2573 .
1041 2572 1046 2577 ῃ
1072 2542 1077 2547 ·

202 2569 291 2600 Teste
308 2569 388 2608 Rege
403 2567 476 2605 apud
492 2567 771 2607 Wi’fi‘monasterium,
789 2567 896 2599 odlavo
911 2567 957 2599 die
971 2568 1089 2608 Aprzlis.

11 2361 60 2389 No,
82 2366 125 2385 io.

12 2440 13 2443 ’
33 2433 148 2460 *X1X.

49 2473 115 2506 614.

205 2647 284 2683 Hugo
302 2645 406 2684 Lloyd,
425 2643 572 2682 Clericus,
589 2645 618 2675 S.
638 2644 678 2674 T.
698 2643 730 2674 B.
756 2645 845 2675 habet
866 2645 1027 2676 consimiles
1048 2646 1159 2678 Literas
1181 2648 1236 2693 Pa-

168 2692 255 2715 tentes
279 2684 314 2714 de
338 2683 541 2720 presentatione
565 2684 599 2713 ad
633 2683 807 2714 Redlroriam
832 2684 867 2714 de
894 2686 990 2714 sandi
1018 2687 1135 2730 Andree
1160 2686 1238 2730 Dio-

166 2724 233 2754 cesis
249 2721 461 2761 Landavenfis,
477 2732 527 2761 per
545 2721 609 2752 Refi
632 2724 778 2752 nationem
797 2722 891 2752 ultimi
908 2723 1107 2768 incumbentis
1126 2725 1237 2755 ibidem

161 2763 225 2800 jam
252 2769 402 2790 vacantem
454 2761 488 2792 δε
512 2759 547 2790 ad
571 2730 697 2791 nostram
722 2760 970 2807 presentationem⁴
983 2762 1070 2799 pleno
1083 2773 1154 2807 ¹jure
1177 2764 1238 2809 spe7

168 2800 321 2836 Stantem,
347 2795 385 2826 Et
402 2783 560 2833 diriguntur
579 2799 616 2829 he
642 2798 737 2829 Litere
763 2799 938 2831 Reverendo
963 2811 993 2830 in
1017 2800 1135 2833 Christo
1161 2802 1238 2834 Patri

167 2837 302 2868 Domino
330 2832 496 2871 Wllielmo,
526 2836 706 2866 Landavent
733 2837 890 2876 Episcopo.

205 2874 298 2906 Teste
314 2872 400 2911 Rege
422 2872 499 2910 apud
521 2871 670 2911 Westmona
694 2877 779 2904 eriam
795 2896 805 2911 ,
839 2877 976 2907 vicesimo
994 2877 1102 2910 ostavo
1123 2877 1169 2911 die
1189 2881 1239 2910 A·

165 2912 256 2954 prilis.

13 2669 63 2693 No.
86 2674 128 2693 ir.

208 2994 344 3022 Henricus
364 2990 499 3026 Painter,
516 2986 666 3026 Clericus,
689 2988 718 3018 in
735 2987 821 3018 Sacra
835 2988 998 3032 Theologia
1021 2988 1237 3037 Baccalaureus,

170 3031 256 3062 habet
273 3028 436 3060 consimiles
450 3026 559 3057 Literas
575 3025 705 3056 Pateiites
720 3025 756 3057 de
782 3026 983 3069 presentatione
1005 3028 1041 3058 ad
1053 3029 1233 3076 ’Restoriam

171 3070 269 3100 SanHi
282 3069 390 3098 Petroci
408 3068 438 3096 in
453 3065 580 3096 Civitate
596 3067 722 3103 Exonie,
749 3064 881 3095 Dioceiis
904 3069 1023 3105 Exonie,
1048 3078 1106 3105 Jarn
1126 3069 1234 3106 legitti-

169 3118 218 3139 me
245 3108 279 3138 &
299 3106 336 3136 de
361 3105 424 3143 jure
453 3112 603 3134 vacantem
621 3127 630 3142 ‚
664 3105 697 3135 ὃς
718 3103 752 3134 ad
777 3103 903 3134 nostram
925 3105 1160 3142 presentationem
1186 3119 1235 3148 per

170 3146 295 3186 Lapsum
317 3142 452 3180 temporis
472 3142 525 3172 hac
551 3143 616 3173 vice
636 3140 825 3181 spectantem,
848 3142 888 3172 Et
903 3142 1063 3186 *diriguntur
1081 3146 1116 3175 he
1138 3146 1235 3192 Litere

165 3174 346 3217 Reverendd'
370 3182 400 3211 in
430 3179 550 3211 Christo
571 3180 648 3211 Patri
677 3179 814 3211 Domino
842 3180 960 3220 Jffepho
979 3204 990 3220 ‚
1030 3185 1138 3214 Exom'e
1166 3185 1236 3223 1:421-

145 3261 147 3264 '
163 3225 292 3293 scqus'ce
309 3259 393 3298 Rege
407 3255 481 3296 apud
503 3255 776 3297 Westmonasterium,
793 3259 897 3296 quinto
920 3258 966 3290 die
982 3261 1068 3290 Maii.

22 3017 72 3041 No.
93 3022 134 3041 12.

206 3336 366 3368 Edwardur
383 3337 531 3371 Moreton,
550 3332 699 3373 Clericus,
714 3334 745 3364 in
765 3333 881 3365 Artibus
897 3333 1148 3376 Magister,habet
1160 3348 1234 3370 con-

17 3357 68 3382 No.
91 3360 134 3389 '3‘
168 3377 270 3409 fimiles
283 3376 390 3406 Literas
406 3373 536 3403 Parentes
551 3372 587 3402 de
610 3372 814 3416 presentatione
837 3373 871 3403 ad
894 3372 921 3403 V
923 3375 1045 3419 icarium.
1055 3376 1090 3420 de
1113 3380 1233 3421 Grirqton

118 3439 120 3441 -
166 3415 298 3446 Diocefis
314 3411 472 3452 Cestrensis,
489 3420 540 3448 per
559 3419 682 3441 mortem
702 3411 794 3442 ultimi
813 3410 1012 3444 Incumbentis
1039 3415 1146 3444 ibidem
1168 3427 1228 3453 jam

164 3462 330 3490 vacantem,
352 3452 386 3482 &
401 3450 436 3480 ad
453 3449 578 3480 nostram
592 3450 828 3487 presentationem
847 3450 931 3493 pleno
953 3451 1015 3496 jure
1036 3453 1231 3498 spectantem,

163 3493 204 3524 Et
220 3492 376 3530 diriguntur
388 3490 426 3519 he
441 3488 535 3518 Litere
550 3487 725 3519 Reverendo
746 3489 776 3518 in
792 3487 910 3519 Christo
927 3489 1000 3521 Patri
1023 3491 1157 3522 Domino
1171 3494 1229 3532 Jo-

163 3533 270 3568 hanni,
284 3527 413 3567 cestrenfi
425 3526 581 3564 Episcopo.
623 3542 626 3545 -
697 3567 702 3573 ⁴
823 3565 828 3571 Ι
926 3567 931 3572 ι
1027 3571 1031 3576 ἰ

200 3570 290 3602 Teste
305 3564 388 3607 Rege
402 3565 477 3603 apud
492 3563 765 3605 Westmonallermm,
781 3573 883 3604 quinto
903 3565 949 3597 die
966 3570 1052 3599 Maii.

202 3644 360 3677 Willielmus
377 3646 472 3680 Bray‚
490 3641 729 3681 Clericus,habet
744 3642 904 3673 consimiles
920 3643 1029 3675 Literas
1042 3645 1174 3678 Parentes
1189 3648 1226 3680 de

164 3685 367 3725 presentatione
382 3682 417 3712 ad
432 3682 580 3712 Vicariam
599 3680 637 3712 de
650 3679 801 3720 Chaulding
815 3684 940 3720 Her-ring
956 3683 1084 3714 Diocesis
1106 3686 1225 3727 Bristol²

159 3726 220 3763 jam
233 3723 374 3761 legittime
392 3722 425 3752 δε
438 3720 546 3758 dejure
561 3727 731 3759 vacantem,
748 3722 781 3753 &
796 3720 831 3751 ad
846 3721 972 3766 nostram
988 3721 1224 3771 presentationem

162 3773 212 3801 per
229 3763 353 3800 Lapsum
364 3760 501 3796 temporis
520 3758 574 3789 hac
593 3759 659 3789 vice
673 3759 868 3802 spedlanteiiu
892 3759 928 3790 Et
943 3761 1099 3800 diriguntur
1117 3763 1153 3792 he
1176 3765 1225 3794 Li-

158 3810 217 3832 tere
235 3799 406 3831 Reverendo
424 3800 454 3828 in
470 3796 591 3827 Christo
608 3796 684 3827 Patri
699 3797 835 3828 Domino
857 3801 967 3836 Georgia
987 3822 997 3837 ,
1034 3800 1138 3840 Bristol
1152 3802 1225 3841 Epi,

157 3840 285 3908 scchgsle
298 3875 381 3914 Rege
396 3873 472 3914 apud
486 3871 757 3914 Wstmonasterium,
776 3872 898 3913 septimo
920 3874 966 3906 die
988 3879 1074 3908 Maii.

16 3663 67 3687 No.
88 3668 131 3696 14,

20 3966 71 3992 Ν..
91 3972 134 4000 ¹5·
195 3952 311 3984 Thomas
332 3952 492 3991 Goodwyn,
509 3950 657 4021 Clericule
682 3949 712 3981 S.
728 3949 768 3980 T.
784 3950 818 3981 P.
838 3950 921 3983 habet
935 3953 1096 3984 consimiles
1111 3952 1221 3989 Literas

158 3992 291 4023 Parentes
304 3990 340 4021 de
354 3991 559 4028 presentatione
573 3990 608 4021 ad
654 3989 771 4033 icariam
784 3990 820 4021 de
833 3989 970 4035 Trellefkq
984 3991 1116 4036 Diocesis
1137 3997 1219 4025 Lan-

155 4029 300 4070 davenfis,
326 4038 376 4067 per
395 4027 622 4061 Coiiceffionein
635 4028 725 4061 ultimi
747 4027 944 4062 incumbentis
962 4031 1072 4063 ibidem
1084 4041 1147 4070 Jam
1168 4045 1217 4068 va-

1267 129 1777 188 PUBLI'CA.

1288 296 1390 336 lielmo,
1410 303 1590 344 Landa-venfi
1602 305 1756 346 Episcopo.

1325 336 1413 367 Teste
1430 339 1515 378 Rege
1532 344 1605 380 apud
1619 346 1890 389 westmonasterium,
1909 352 2012 389 quinto
2033 353 2081 384 die
2104 357 2188 384 Maii.

1324 425 1468 467 Marrinus
1491 429 1621 470 serafin,
1645 433 1791 473 Clericus,
1821 436 1850 466 iii
1879 437 1996 468 Artibus
2016 438 2231 480 Bmcalaureus,
2258 441 2407 479 habetNo.
2428 449 2473 485 ¹6³¹

1287 461 1569 506 coiisimilesqLiteias
1584 470 1712 502 Patentes
1727 474 1762 502 de
1780 474 1981 510 presentatione
1995 478 2028 507 ad
2040 478 2208 510 Rcdtoriam
2221 480 2257 510 de
2270 484 2345 510 Sax-

1287 498 1321 542 ᾇγ
1339 499 1470 531 Diocelis
1484 505 1640 545 Lincolnie,
1655 519 1705 546 per
1725 510 1891 542 Cessionem
1907 515 2000 545 ultimi
2017 516 2214 548 Incumbentis
2237 519 2346 549 ibidem

1288 547 1344 575 iam
1361 548 1529 583 vacantem,
1555 543 1587 572 &
1603 548 1636 576 ad
1650 548 1774 578 nostram
1794 551 2027 588 presentationem
2043 556 2127 592 pleno
2138 557 2199 593 jure
2215 557 2344 594 specstan-

1286 584 1364 620 tem,
1389 577 1425 608 Et
1446 578 1604 618 diriguntur
1626 585 1662 613 lie
1685 586 1781 616 Litere
1799 588 1971 621 Reverendo
1989 593 2018 622 in
2038 592 2157 624 Christo
2179 595 2256 626 Patri
2277 595 2345 626 Do-

1286 624 1367 644 mino
1380 615 1525 656 Johanni,
1544 621 1683 650 Lincolnie
1698 623 1850 663 Episcopo.

1323 653 1414 685 Teste
1429 654 1512 695 Rege
1528 658 1601 697 apud
1622 660 1894 704 Wesbmonasterium,
1920 667 2098 699 duodecimo
2121 670 2166 701 die
2187 674 2270 702 Maii.

1323 730 1448 768 Jacobus
1462 733 1551 764 Smith
1561 758 1570 773 ,
1589 735 1736 774 Clericus,
1752 737 1829 769 S.T.
1850 740 1881 770 B.
1900 742 1982 774 habet
1989 746 2148 776 consimiles
2163 748 2272 779 Literas
2286 749 2343 780 Pa-
2358 755 2407 781 Nn.
2430 754 2473 788 172

1286 775 1374 800 tentes
1390 770 1426 800 de
1441 773 1641 808 presentatione
1663 775 1699 806 ad
1721 776 1889 808 Rectoriam
1912 780 1946 810 de
1960 784 2121 821 [Vainfleete
2135 792 2252 816 omnium
2271 791 2344 818 San-

1287 809 1391 838 AEorum
1406 808 1536 842 Diocefis
1554 813 1695 843 Lincolnie
1707 836 1718 852 ,
1731 825 1782 852 per
1798 816 1965 848 Ccffionem
1975 822 2065 851 ultimi
2083 823 2344 856 Incumbentisibi-

1287 846 1354 876 dem
1367 849 1428 885 jam
1445 859 1609 889 vacantem,
1628 852 1704 884 &ad
1723 852 1848 884 nostram
1866 856 2100 893 presentationem
2113 863 2196 902 pleno
2206 865 2267 901 jure
2283 865 2347 902 spe-

1287 885 1433 924 clamem,
1458 887 1496 917 Et
1520 889 1680 927 diriguntur
1706 891 1742 921 lie
1768 893 1864 923 Litere
1891 894 2060 929 Reverendo
2084 902 2111 930 iii
2130 901 2250 932 Christo
2267 903 2345 934 Patri

1286 922 1421 953 Domino
1429 925 1587 994 lZohanni,
1602 929 1743 959 Lincolnie
1760 930 1919 971 Episcopo,

1323 961 1412 993 Teste
1460 973 1511 1005 ege
1524 966 1598 1004 apud
1609 967 1882 1009 Wstmonasterium,
1893 970 2012 1002 decimo
2025 984 2102 1008 nono
2115 978 2161 1008 die
2179 981 2264 1010 Maii.

1323 1044 1480 1082 Francisc'us
1493 1047 1641 1086 Durham,
1658 1048 1804 1088 Clericus,
1819 1051 1857 1081 in
1865 1051 1980 1084 Artibus
1994 1053 2132 1092 Magister
2142 1082 2152 1096 ,
2166 1060 2252 1091 habet
2273 1071 2346 1092 con-
2362 1075 2409 1099 No.
2432 1062 2474 1098 18.

1286 1080 1387 1111 fimiles
1402 1083 1510 1114 Literas
1526 1086 1659 1118 Patentes
1674 1088 1711 1118 de
1728 1090 1931 1126 pi-esentatione
1950 1091 1984 1121 ad
2007 1093 2146 1125 Vicariam
2171 1099 2206 1128 de
2224 1100 2346 1130 Melbor-

1285 1130 1319 1148 ne
1338 1119 1469 1152 Diocesis
1483 1123 1618 1163 Elienzs,
1638 1127 1698 1164 jarn
1721 1127 1858 1166 legittime
1879 1130 1911 1160 ὅ(
1929 1129 1964 1159 de
1979 1130 2041 1168 jure
2063 1142 2229 1175 vacantem,
2255 1140 2287 1170 &
2312 1139 2347 1170 ad

1284 1157 1412 1189 nostram
1433 1162 1667 1197 presentationem
1688 1175 1737 1204 per
1756 1166 1877 1203 Lapsum
1896 1170 2032 1206 temporis
2049 1169 2095 1200 seu
2114 1181 2162 1215 per
2180 1177 2346 1211 pravitatem

1286 1195 1418 1228 Simonie
1432 1200 1485 1229 hac
1501 1202 1566 1232 vice
1579 1203 1774 1243 speC’fflntem3
1794 1204 1831 1236 Et
1847 1206 2007 1244 diriguntur
2029 1208 2065 1238 he
2085 1209 2179 1241 Litere
2203 1213 2349 1246 Revereri*-

1286 1234 1326 1264 do
1342 1236 1371 1265 in
1387 1236 1502 1269 Christo
1517 1239 1592 1270 Patri
1608 1241 1747 1273 Domino
1759 1243 1915 1283 Francifio,
1934 1245 2042 1286 Eliensi
2057 1246 2211 1286 Episcopo.

1322 1273 1410 1305 Teste
1425 1275 1508 1316 Rege
1523 1279 1598 1316 apud
1613 1280 1889 1322 Wstmonasterium,
1907 1284 2051 1315 tricefimo
2072 1287 2118 1316 die
2137 1291 2222 1318 Maii.

1322 1350 1469 1389 Johannes
1485 1353 1601 1393 Clarke,
1627 1355 1776 1396 Clericus,
1793 1358 1822 1389 S.
1839 1359 1879 1389 T.
1897 1359 1928 1390 B.
1955 1361 2041 1394 habet
2059 1363 2221 1396 consimiles
2239 1367 2348 1400 Literas
2363 1386 2411 1410 N„
2434 1383 2475 1416 ¹⁸9³

1282 1387 1413 1421 Parentes
1426 1391 1463 1422 de
1478 1393 1682 1429 presentatione
1696 1396 1730 1426 ad
1748 1396 1920 1428 Rectoriam
1937 1399 1973 1431 de
1982 1401 2127 1432 Filkarton
2136 1403 2265 1436 Diocefis
2276 1410 2347 1437 Lin-

1283 1426 1367 1458 colnie
1377 1451 1386 1466 ,
1400 1429 1462 1467 jam
1476 1431 1615 1470 legittime
1629 1434 1663 1465 ὃς
1678 1434 1714 1464 de
1725 1436 1787 1473 jure
1805 1446 1976 1477 vacantem,
1995 1440 2029 1470 &
2042 1441 2077 1470 ad
2093 1441 2220 1473 nostram
2236 1446 2348 1482 presen-

1281 1468 1420 1498 tationem
1444 1478 1494 1505 per
1508 1469 1633 1509 Lapsum
1646 1475 1787 1511 temporis
1801 1474 1859 1506 five
1874 1484 1924 1513 per
1941 1479 2109 1514 pravitatem
2126 1480 2276 1522 Simonie,
2292 1486 2347 1516 bac

1281 1505 1347 1536 vice
1365 1507 1539 1543 specstantem
1555 1521 1564 1547 ς
1584 1509 1621 1541 Et
1642 1511 1801 1549 diriguntur
1816 1514 1852 1544 he
1873 1514 1966 1545 Litere
1989 1515 2166 1550 Reverendo
2180 1520 2211 1550 in
2226 1520 2347 1554 Christo

1281 1542 1356 1574 Patri
1375 1545 1508 1576 Domino
1522 1547 1668 1587 Johanni,
1687 1551 1827 1582 Lincolnie
1843 1551 1997 1591 Episcopo.

1317 1582 1406 1614 Teste
1424 1584 1511 1622 Rege
1529 1587 1602 1625 apud
1620 1587 1902 1631 westmonasterium,
1929 1593 2073 1624 tricefimo
2097 1594 2143 1626 die
2161 1599 2245 1628 Maii.

1319 1661 1480 1691 Edwardus
1504 1663 1629 1702 Foliatt,
1659 1664 1810 1705 Clericus,
1838 1667 1951 1708 Legum
1971 1669 2112 1702 Civilium
2129 1672 2347 1715 Baccalaureus,
2362 1675 2410 1700 No.
2432 1677 2480 1703 202

1279 1697 1369 1730 habet
1385 1701 1546 1732 consimiles
1570 1703 1675 1734 Literas
1694 1704 1825 1736 Parentes
1847 1707 1883 1737 de
1902 1708 2108 1746 presentatione
2129 1711 2163 1741 ad
2192 1713 2210 1731 Ἐ
2233 1713 2346 1745 Recto·
2359 1708 2378 1728 '¹‘
2397 1712 2482 1739 XIX—

1279 1738 1348 1767 riam
1369 1738 1406 1768 de
1426 1741 1581 1780 Fortefiray
1596 1742 1728 1773 Diocesis
1742 1744 1890 1785 Roffenszs,
1907 1756 1957 1786 per
1971 1756 2094 1778 mortem
2113 1750 2210 1781 ultimi
2225 1751 2347 1783 Incum-
2399 1749 2454 1784 ⁶¹5
2457 1769 2465 1778 ·

1279 1775 1373 1806 bentis
1388 1777 1496 1808 ibidem
1511 1780 1572 1817 jam
1589 1789 1757 1820 vacantem,
1778 1784 1812 1813 &
1833 1783 1867 1814 ad
1887 1785 2015 1816 nostram
2031 1787 2267 1824 presentationem
2286 1791 2349 1829 ple—

1279 1823 1320 1844 no
1332 1815 1394 1853 jure
1411 1815 1603 1856 spefflmtem3
1621 1819 1659 1850 Et
1678 1819 1836 1858 diriguntur
1854 1822 1892 1853 he
1911 1823 2004 1854 Litere
2024 1825 2198 1859 Reverendo
2217 1830 2247 1860 in
2262 1829 2350 1861 Chri-

1281 1852 1327 1883 sto
1346 1853 1421 1885 Patri
1441 1855 1579 1887 Domino
1601 1857 1744 1897 Johanni,
1761 1860 1880 1901 Roffi’nfi
1895 1861 2052 1901 Episcopo.¹

1315 1891 1405 1923 Teste
1421 1893 1504 1934 Rege
1522 1895 1597 1934 apud
1616 1896 1896 1938 westmonasterium,
1922 1910 2004 1932 nono
2021 1902 2068 1934 die
2083 1903 2180 1943 Junii.

1319 1968 1447 2000 Michael
1460 1970 1583 2010 Evam,
1607 1972 1645 2003 A.
1668 1970 1715 2004 M.
1733 1974 1820 2007 habet
1844 1977 2007 2009 confimiles
2028 1979 2134 2011 Literas
2156 1981 2287 2017 Parentes
2312 1986 2349 2018 de
2365 2001 2416 2026 No.
2435 2001 2480 2028 ng

1280 2010 1487 2046 presentatione
1502 2012 1537 2041 ad
1552 2011 1723 2042 Rectoriam
1738 2013 1774 2045 de
1790 2014 1997 2054 Llanuhangell
2010 2020 2122 2050 Ytraith
2136 2019 2175 2055 ό
2190 2023 2348 2055 Llana'eck'-
2478 2032 2480 2034 ’

1279 2049 1338 2076 win
1354 2047 1486 2080 Diocesis
1501 2053 1631 2089 Bangor,
1647 2050 1709 2088 jam
1722 2050 1865 2091 legittime
1886 2055 1921 2087 &
1935 2056 1972 2086 de
1992 2056 2057 2094 jure
2069 2068 2239 2101 vacantem,
2258 2065 2291 2095 &
2310 2065 2347 2095 ad

1281 2084 1410 2117 nostram
1432 2087 1672 2125 presentationem
1691 2099 1742 2127 pei·
1764 2092 1888 2130 Lapsum
1915 2095 2053 2132 temporis
2074 2096 2131 2129 five
2154 2108 2205 2137 per
2227 2103 2351 2140 pravitan

1279 2132 1340 2155 tem
1359 2125 1510 2166 Simonie,
1527 2127 1580 2158 hac
1596 2129 1660 2159 vice
1676 2129 1870 2169 spectantem
1893 2131 1931 2163 Et
1946 2132 2107 2171 diriguntur
2122 2137 2162 2167 he
2177 2138 2276 2172 Litere
2290 2141 2351 2172 Re-

1281 2164 1408 2207 verendo
1439 2166 1470 2197 in
1500 2165 1619 2198 Christo
1651 2167 1730 2199 Patri
1756 2168 1896 2201 Domino
1925 2172 2070 2204 Edmundo
2087 2197 2097 2213 ,
2133 2179 2246 2216 Bangor
2279 2179 2350 2219 Epi-

1278 2206 1328 2233 ico
1349 2213 1378 2233 o.

1317 2211 1405 2273 Tpeste
1424 2241 1509 2282 Rege
1525 2244 1600 2284 apud
1619 2244 1897 2288 Wsbmonasterium‚
1915 2249 2058 2282 tricefimo
2085 2251 2132 2283 die
2149 2257 2234 2286 Maii.

1316 2324 1449 2355 Ricardus
1463 2328 1565 2364 carre,
1585 2325 1736 2366 Clericus,
1756 2328 1793 2360 A.
1818 2329 1868 2360 M.
1885 2330 1970 2362 habet
1988 2333 2153 2365 confimiles
2170 2335 2277 2368 Literas
2293 2337 2350 2369 Pa-
2366 2335 2416 2361 NJ·
2432 2333 2480 2360 ²22

1279 2370 1370 2394 tentes
1382 2363 1419 2393 de
1437 2364 1644 2401 presentatione
1665 2367 1700 2397 ad
1723 2367 1894 2400 Rectoriam
1909 2370 1945 2400 de
1961 2370 2134 2410 Throwleigh'
2151 2373 2285 2407 Diocesis
2303 2379 2347 2406 E-

1280 2405 1380 2440 xom'e,
1402 2412 1451 2440 per
1474 2402 1641 2434 Ceffionem
1659 2406 1753 2436 ultimi
1767 2406 1965 2439 Incumbentis
1980 2410 2088 2441 ibidem
2096 2413 2158 2450 jam
2174 2423 2325 2445 vacantem
2335 2439 2346 2455 ,

1280 2441 1314 2469 &
1328 2439 1364 2470 ad
1378 2440 1502 2471 nostram
1516 2443 1755 2479 presentationem
1769 2445 1857 2483 pleno
1873 2448 1937 2486 jure
1952 2447 2144 2489 spectantem,
2163 2451 2201 2482 Et
2216 2453 2347 2493 dirigun-

1280 2487 1326 2510 tur
1353 2478 1390 2508 he
1414 2480 1509 2511 Litere
1531 2480 1706 2513 Reverendo
1727 2484 1758 2514 in
1776 2483 1896 2515 Christo
1910 2485 1987 2517 Patri
2002 2487 2138 2520 Domino
2154 2491 2284 2530 Joffipho,
2303 2489 2346 2522 E-

1280 2520 1359 2545 xonie
1378 2517 1534 2558 Episcopo.

1316 2555 1404 2586 Teste
1418 2556 1501 2597 Rege
1513 2558 1588 2598 apud
1605 2558 1879 2601 Wcstmonasterium,
1894 2562 2013 2595 decimo
2029 2564 2074 2595 die
2088 2562 2182 2604 Junii.

1316 2636 1427 2666 Samuel
1443 2638 1572 2678 Preston,
1590 2639 1737 2680 Clericus,
1756 2641 1793 2672 A.
1812 2642 1845 2673 B.
1872 2643 1958 2675 habet
1974 2646 2138 2678 consimiles
2162 2647 2269 2680 Literas
2290 2651 2346 2682 Pa-

1281 2684 1372 2706 tentes
1387 2676 1422 2720 de
1436 2679 1638 2722 presentat-ione
1659 2680 1694 2710 ad
1718 2680 1861 2711 vicariam
1890 2683 1927 2713 de
1948 2685 2031 2714 Road
2047 2685 2178 2716 Diocesis
2206 2690 2347 2719 Petribur-

1277 2714 1468 2784 imfi‘ti'olss‘i'.
1487 2717 1575 2785 Ῑῖἒίξὲ
1579 2726 1646 2786 ‘³1¹5oe
1653 2717 1724 2787 ⁸v‘eid
1727 2721 1825 2789 {1³⁰5ss
1843 2730 2009 2790 {fissaffiffis
2029 2724 2347 2796 &Sossfinn‘iiss‘i‘ssaplssl

1280 2762 1357 2831 {ilii}
1375 2792 1411 2823 Et
1433 2765 1593 2837 diriguntur³
1609 2793 1647 2824 he
1667 2768 1783 2827 Litereiq
1781 2796 1954 2841 Reverendo
1976 2800 2007 2828 in
2025 2771 2162 2830 quiristg
2185 2775 2263 2833 Pasti
2281 2803 2347 2833 Do-

1279 2831 1361 2860 mino
1378 2833 1535 2870 Franciscv,
1554 2831 1751 2873 petriburgenst
1766 2834 1923 2874 Episcopo.
2063 2875 2067 2880 .

1314 2868 1404 2899 Teste
1419 2869 1507 2907 Rege
1521 2871 1595 2907 apud
1611 2871 1889 2911 Westmonasterium,
1905 2872 2024 2904 decimo'
2039 2873 2086 2905 die
2099 2874 2185 2914 Julii.

2362 2660 2412 2685 No.
2431 2659 2479 2693 ²32.

1315 2946 1433 2977 Thomas
1449 2951 1559 2988 Payne‚
1584 2950 1733 2989 Clericus,
1761 2951 1796 2981 A.
1814 2950 1861 2983 M.
1879 2951 1962 2984 habet
1985 2955 2149 2987 confimiles
2168 2957 2275 2990 Literas
2290 2957 2344 2992 Pa·
2361 2963 2409 2988 No.
2429 2963 2477 2995 243

1278 2993 1368 3016 tentes
1390 2987 1425 3017 de
1443 2988 1648 3025 presentatione
1670 2991 1705 3020 ad
1731 2989 1871 3020 Vicariam
1896 2992 1932 3021 de
1957 2993 2069 3023 Abbati·
2088 2998 2186 3025 Berrie
2212 2997 2345 3029 Diocelis

1278 3023 1399 3064 Bristol,
1411 3025 1473 3063 jam
1492 3026 1633 3063 legittime
1651 3028 1685 3058 ὃς
1702 3028 1738 3058 de
1752 3028 1816 3066 jure
1832 3038 2000 3069 vacantem,
2019 3034 2052 3063 Sc
2078 3033 2112 3063 ad
2131 3033 2260 3066 nostram
2279 3047 2344 3074 pre-

1276 3063 1466 3094 sentationem
1483 3073 1534 3102 per
1554 3066 1676 3105 Lapsum
1696 3068 1833 3104 temporis
1849 3068 1904 3098 hac
1925 3070 1989 3099 vice
2007 3070 2199 3111 spesi-intem,
2216 3073 2255 3105 Et
2273 3077 2343 3106 diri-

1276 3110 1381 3170 guntu}
1396 3101 1436 3170 ἒς
1453 3103 1549 3133 Litere
1566 3104 1739 3136 Reverendo
1759 3107 1789 3136 in
1808 3105 1927 3137 Christo
1950 3107 2030 3139 Patri
2057 3109 2194 3141 Domino
2211 3116 2340 3155 Georgia,

1276 3143 1329 3169 Bri
1353 3151 1366 3169 o
1442 3142 1499 3171 isco
1520 3151 1549 3172 o.

1314 3140 1351 3209 ΑΕ
1347 3178 1407 3209 este
1419 3151 1595 3220 Regepapud
1612 3181 1890 3222 Wllmonasterium‚
1910 3185 2047 3218 vicesimo
2066 3187 2162 3225 primo
2175 3187 2222 3219 die
2236 3192 2322 3221 Maii.

1315 3265 1430 3296 Thomas
1445 3270 1575 3307 Draper,
1594 3267 1741 3308 Clericus,
1762 3270 1790 3300 in
1799 3270 1916 3305 Artibus
1930 3271 2087 3312 Magister,
2106 3275 2190 3305 habet
2203 3278 2339 3309 confimi-
2355 3272 2404 3299 NJ·
2423 3276 2470 3308 2'55'

1275 3304 1314 3335 les
1337 3305 1442 3336 Literas
1458 3306 1586 3338 Patentes
1602 3307 1638 3337 de
1652 3307 1854 3345 presentatione
1877 3311 1910 3341 ad
1936 3311 2101 3343 Rectori'am
2121 3315 2219 3344 SanHe
2243 3319 2339 3347 Marie

1277 3343 1477 3383 lVillingham‚
1504 3345 1636 3376 Diocefis
1661 3348 1859 3387 Norwicenjfis,
1886 3359 1936 3387 per
1955 3358 2082 3381 mortem
2108 3352 2200 3383 ultimi
2215 3352 2336 3386 Incum-

1275 3383 1366 3412 bentis
1383 3383 1492 3414 ibidem
1507 3385 1568 3422 jam
1588 3394 1758 3424 vacantem,
1773 3386 1806 3417 &
1826 3389 1860 3417 ad
1879 3388 2003 3419 nostram
2023 3388 2259 3426 presentationem
2274 3394 2334 3432 plee

1273 3432 1314 3452 iio
1322 3423 1384 3460 jure
1397 3422 1586 3460 specstantem,
1605 3422 1643 3454 Et
1658 3423 1818 3462 diriguntur
1836 3426 1871 3455 he
1888 3426 1982 3457 Litere
1996 3426 2173 3461 Reverendo
2191 3431 2222 3461 in
2242 3431 2333 3463 Chri-

1271 3459 1316 3490 sto
1339 3460 1414 3490 Patri
1440 3461 1577 3492 Domino
1597 3461 1729 3500 Roberto,
1745 3464 1916 3505 Norwicenfi
1926 3465 2081 3504 Episcopo.

1304 3510 1395 3540 Teste
1418 3509 1499 3550 Rege
1519 3510 1591 3547 apud
1613 3509 1891 3550 Wstmonasterium‚
1915 3514 2072 3546 undecimo
2101 3517 2148 3549 die
2160 3519 2255 3558 Junii.

1307 3587 1452 3625 Joharmcx
1464 3586 1632 3624 Rowlands,
1650 3586 1797 3630 Clericus,
1816 3589 1845 3618 in
1855 3589 1972 3620 Artibus
1989 3590 2238 3633 Magister,habet
2252 3607 2326 3629 con·
2342 3595 2391 3621 No.
2412 3595 2458 3633 263

1268 3625 1368 3655 similes
1388 3626 1492 3656 Literas
1508 3626 1638 3656 Patentes
1652 3626 1688 3655 de
1702 3627 1908 3664 presentatione
1923 3629 1957 3659 ad
1973 3629 2140 3662 Recioriam
2159 3634 2195 3664 de
2215 3637 2325 3678 Fortes-

1267 3675 1331 3702 cray
1350 3664 1479 3694 Diocesis
1500 3663 1644 3704 Roffenfis,
1672 3673 1720 3701 per
1738 3674 1863 3696 mortem
1883 3666 1976 3697 ultimi
2000 3668 2196 3703 lncuiiiberrtis
2214 3674 2324 3708 ibidem

1262 3704 1321 3741 jam
1341 3704 1549 3739 vacantem,&
1563 3705 1599 3733 ad
1615 3702 1741 3732 nostram
1780 3704 1995 3736 resentationem
2015 3707 2101 3745 pleno
2115 3711 2178 3748 jure
2195 3712 2322 3749 spectan-

1266 3751 1340 3777 tem,
1362 3741 1398 3771 Et
1415 3741 1572 3779 diriguntur
1589 3743 1626 3771 he
1646 3741 1738 3771 Litere
1767 3742 1932 3774 Reverendo
1952 3746 1980 3774 in
1988 3745 2106 3776 Christo
2124 3748 2199 3780 Patri
2212 3750 2322 3785 Domi,

1266 3790 1306 3809 no
1321 3779 1467 3817 Johamti,
1484 3779 1603 3820 Roffi’nfi
1616 3779 1770 3819 Epiieopo.

1300 3829 1390 3862 Teste
1409 3828 1491 3867 Rege
1505 3829 1580 3867 apud
1600 3829 1875 3869 Wellmonasserium,
1894 3830 2073 3863 duodecimo
2091 3833 2137 3864 die
2149 3835 2247 3873 Junii.

1297 3917 1456 3947 Edwardus
1478 3915 1573 3954 Folyat
1603 3935 1606 3937 Δ
1647 3916 1759 3953 Legum
1798 3916 1938 3948 Civilium
1964 3917 2160 3953 Baccaiaureus
2185 3945 2196 3962 ,
2231 3926 2317 3961 habet
2335 3944 2374 3969 No
2403 3944 2443 3977 η.

1267 3956 1427 3988 consimiles
1459 3954 1565 3985 Literas
1588 3939 1718 3986 f’arentes
1744 3954 1779 3985 de
1799 3955 2003 3993 presentatione
2031 3959 2066 3989 ad
2099 3959 2266 3996 Redioriam
2280 3970 2316 3998 de
2375 3963 2382 3970 ’
2440 3958 2451 3978 ¹

1268 3994 1377 4033 Ashney
1408 3994 1538 4023 Dioceiis
1564 3992 1773 4032 Peli-iburgenfis
1802 4015 1812 4032 ,
1862 4004 1910 4032 per
1938 4004 2062 4027 mortem
2086 3998 2176 4031 ultimi
2197 4002 2316 4035 incum-

1262 4035 1355 4066 bentis
1368 4032 1476 4063 ibidem
1486 4032 1547 4070 jam
1561 4041 1728 4070 vacantem,
1746 4033 1779 4063 &
1800 4032 1836 4062 ad
1856 4032 1982 4065 nostram
1998 4035 2233 4076 presentationem
2256 4043 2316 4080 ple-

1761 4069 1823 4110 1²3
2277 4091 2320 4113 no
