2536 4255
205 198 224 224 2
236 198 253 224 2
263 186 287 222 6

58 266 137 298 Ann.
149 265 190 296 D·
237 265 324 298 Teste
340 264 422 302 Rege
437 260 509 299 apud
528 257 670 298 Canbury,
689 258 786 297 primo
804 257 850 288 die
865 254 1038 295 Septembris.

58 307 174 377 Pbt6.317.
237 346 316 380 Hiigo
336 338 514 378 Maplefii'en,
534 336 681 373 Clericus,
706 336 736 365 in
756 335 875 366 Artibus
894 332 1050 371 Magister,
1070 331 1159 363 habet
1179 328 1274 360 confi-

58 387 121 410 Ου’.
147 391 154 408 ι
167 405 170 409 .
206 383 284 413 miles
302 381 404 409 Literas
418 377 548 406 Patentes
563 375 598 406 de
614 374 817 412 presentatione
832 373 867 403 ad
884 372 1052 403 Re&0riam
1068 371 1105 401 de
1121 368 1272 408 Winceby,

59 425 109 448 No.
127 420 171 455 78.
203 431 252 459 per
268 427 392 449 mortem
408 416 499 445 ultimi
516 413 712 456 Inctimbentis
727 413 836 443 ibidem
846 412 908 450 jam
922 419 1105 453 vacantem,
1119 408 1151 439 &
1166 407 1202 437 ad
1217 416 1273 436 no-

204 460 290 490 stram
320 455 555 493 presentationem
580 454 666 490 pleno
684 461 746 490 jure
769 451 968 489 specstantem3
992 448 1031 480 Et
1054 447 1215 485 diriguntur
1235 445 1274 489 he

206 498 301 540 Litere
318 492 493 524 Reverendo
515 493 545 522 in
567 491 687 522 Christo
705 489 782 521 Patri
806 490 940 520 Domino
958 487 1108 527 Johanni‚
1132 481 1274 515 Limolnie

206 535 438 608 EssiifflgoRege
459 569 533 607 apud
553 567 702 609 Canbury,
719 568 804 599 tertio
823 565 870 597 die
888 565 1058 604 Septembris.

126 681 131 690 Ι
164 676 169 682 .
243 651 371 684 Georgius
387 645 588 683 Sindercombe,
607 645 758 683 Clericus,
777 646 807 675 in
827 644 944 676 Artibus
958 639 1169 685 Baccalaurius,
1185 637 1274 668 habet

207 688 366 719 consimiles
386 685 494 716 Literas
514 684 646 716 Parentes
657 684 695 715 de
716 684 922 722 presentatione
938 681 972 711 ad
990 681 1014 710 V
1018 688 1132 709 icariam
1154 678 1191 708 de
1211 677 1275 705 Ne·

207 726 372 796 tlaessoway
389 746 398 762 ‚
418 725 481 763 jam
505 724 642 763 legittime
661 724 694 755 &
720 723 756 754 de
770 724 829 760 jure
847 729 993 753 vacantem
1009 741 1017 755 ,
1033 718 1073 762 Ιδε
1091 716 1127 746 ad
1146 714 1275 760 nostram

206 776 256 804 pre
269 766 448 795 curationem
467 772 516 800 per
536 762 641 800 lapsum
659 763 798 798 temporis
815 761 872 791 sive
892 769 941 797 per
960 764 1128 800 pravitatem
1145 754 1277 785 Simonie

207 805 265 835 sive
289 804 397 833 ratione
424 802 543 832 minoris
567 801 656 832 Eratis
673 801 750 831 dit-Pte
770 799 896 830 Ecclesie
915 799 970 827 hac
989 805 1054 826 vrce
1071 794 1247 838 spediantem
1263 803 1274 830 3

206 843 245 873 Et
268 842 428 882 diriguntur
453 841 491 870 he
521 840 616 870 Litere
640 839 814 870 Reverendo
839 839 868 867 in
892 834 1012 867 Christo
1037 833 1112 864 Patri
1140 831 1275 862 Domino

208 881 356 919 lls'altero,
375 879 555 920 Bathonienfi
571 877 609 913 έν
629 878 751 917 Wellenfi
767 876 918 916 Episcopo.
994 913 999 917 ¹
1173 912 1178 916 Ι

245 919 337 951 Teste
353 919 437 958 Rege
454 919 528 957 apud
544 917 691 955 canbury,
710 916 845 947 vicesimo
861 915 957 952 primo
971 911 1017 942 die
1031 909 1200 949 Septembris.

60 1003 108 1029 No.
130 999 173 1033 76.
242 997 369 1037 Jacobus
384 994 569 1035 Huddleston,
587 994 770 1036 Clericus,1‘n
788 992 904 1023 Artibus
924 988 1082 1034 Magister,
1099 987 1184 1018 habet
1204 996 1279 1033 con-

206 1037 307 1068 similes
326 1037 435 1067 Literas
450 1035 581 1066 Parentes
595 1034 631 1064 de
650 1033 850 1071 presentatione
868 1029 902 1060 ad
920 1029 1061 1072 Vicariam
1081 1027 1117 1058 de
1128 1024 1206 1065 -East
1219 1025 1279 1055 Til-

207 1076 274 1115 bury
291 1099 300 1114 ,
325 1085 374 1113 per
406 1082 531 1105 mortem
554 1073 645 1102 ultimi
672 1070 869 1102 incumbentis
896 1068 1002 1098 ibidem
1018 1076 1079 1105 Jam
1098 1073 1250 1109 vacantem
1267 1087 1277 1102 ,

206 1117 240 1147 ἃ
256 1114 290 1145 ad
309 1113 434 1144 nostram
453 1112 685 1150 presentationem
704 1110 790 1148 pleno
806 1110 863 1146 jure
881 1107 1074 1146 speetantem3
1094 1103 1133 1135 Et
1150 1103 1278 1142 dirigun-

206 1163 252 1184 tur
279 1153 315 1184 lie
343 1153 440 1184 Litere
465 1150 636 1182 Reverendo
660 1150 690 1179 in
714 1147 835 1178 Christo
854 1146 932 1177 Patri
950 1145 1087 1176 Domino
1106 1141 1278 1180 Willielmo,

205 1193 324 1223 London
362 1190 514 1228 Episcopo.

245 1230 335 1262 Teste
344 1230 426 1268 Rege
440 1227 512 1266 apud
528 1226 654 1265 Canbmy
665 1249 674 1264 ,
691 1224 968 1263 vicesimo-septimo
985 1223 1030 1255 die
1048 1220 1221 1261 Septembris.

245 1306 355 1337 Samuel
371 1305 518 1342 Harding,
535 1304 664 1334 Clericus
680 1326 689 1341 ,
717 1304 744 1332 in
765 1302 882 1333 Artibus
902 1300 1061 1340 Magister,
1085 1299 1169 1329 habet
1183 1297 1278 1328 consi-

210 1347 291 1377 miles
315 1347 422 1376 Literas
450 1344 578 1374 Parentes
605 1343 641 1373 de
669 1342 874 1380 presentatione
889 1341 923 1371 ad
944 1340 1086 1371 Vicariam
1110 1338 1147 1368 de
1167 1336 1278 1374 Elling-

206 1386 271 1416 ham
289 1388 413 1421 Magna,
428 1384 487 1421 jam
506 1382 641 1420 legittime
657 1385 689 1413 ὅτ,
708 1381 743 1411 de
758 1382 821 1419 jure
839 1389 986 1411 vacantem
1001 1401 1010 1416 ,
1037 1379 1070 1409 &
1096 1376 1130 1406 ad
1149 1374 1277 1406 nostram

208 1424 444 1464 presentationem
464 1431 512 1458 per
529 1422 695 1459 pravitatem
713 1420 845 1450 Simonie
861 1419 917 1449 hac
936 1419 1002 1448 vice
1018 1416 1034 1448 s
1049 1417 1211 1482 εᾶειῃπειῃὲ
1239 1413 1278 1444 Et

1068 1463 1172 1485 omino
1210 1462 1278 1484 ran-

56 1309 107 1335 No.
125 1313 170 1341 75.

206 1465 361 1501 diriguntur
380 1461 416 1490 he
435 1460 532 1490 Litere
549 1459 725 1490 Reverendo
751 1459 782 1488 in
801 1457 920 1489 Christo
938 1456 1016 1488 Patri

207 1502 285 1542 cisto,
303 1502 428 1530 Norwici
443 1497 599 1535 Episcopo.

246 1539 336 1570 Teste
353 1537 435 1577 Rege
453 1537 527 1575 apud
547 1534 824 1575 Wstmonasterium‚
843 1542 946 1574 quarto
964 1533 1011 1564 die
1028 1531 1163 1563 Oblobris.

244 1614 407 1647 Wilziclmus
426 1613 559 1652 Roberts,
579 1612 661 1644 Sacre
677 1611 844 1651 Theologie
863 1610 1025 1648 Professor,
1044 1610 1128 1640 habet
1142 1608 1279 1639 consimi-

205 1656 244 1687 les
268 1656 372 1685 Literas
392 1653 520 1684 Parentes
535 1654 572 1683 de
591 1652 795 1689 presentatione
819 1651 853 1681 ad
872 1650 1042 1682 Rectoiiam
1062 1649 1099 1679 de
1117 1647 1279 1687 Herstmon-

209 1705 282 1725 zeux
297 1716 306 1730 ,
337 1703 386 1730 per
407 1700 533 1722 mortem
549 1691 641 1722 ultimi
661 1690 861 1721 Incumbentis
883 1690 991 1720 ibidem
1016 1689 1077 1726 jam
1101 1695 1250 1718 vacantem
1270 1708 1280 1725 ‚

209 1735 242 1765 δε
274 1733 307 1763 ad
341 1731 467 1762 nostram
499 1731 733 1768 presentationem
767 1729 878 1759 ratione
904 1727 1023 1758 minoris
1046 1726 1135 1756 Etatis
1164 1725 1282 1756 Batonis

208 1776 313 1802 Dacres
331 1770 363 1800 de
382 1769 602 1809 Herstmonzeux
615 1792 625 1807 ,
652 1768 769 1799 Patroni
787 1768 865 1798 dicite
883 1766 1009 1797 Ecclesie
1022 1787 1032 1803 ,
1056 1765 1110 1795 hac
1130 1765 1196 1795 vice
1217 1764 1279 1802 spe—

207 1812 358 1847 &antemg
385 1809 422 1840 Et
448 1809 604 1847 diriguntur
628 1808 664 1838 he
693 1807 789 1837 Litere
812 1805 988 1836 Reverendo
1014 1805 1045 1834 in
1064 1802 1185 1834 Christo
1204 1802 1280 1834 Patri

207 1849 342 1881 Domino
362 1847 496 1884 Ricardo,
515 1846 667 1886 cicestrenfi
684 1846 842 1883 Episcopo.

242 1887 333 1919 Teste
352 1886 436 1926 Rege
453 1885 528 1924 apud
545 1885 820 1925 westmonasterium,
840 1893 922 1915 nono
939 1883 985 1913 die
1002 1881 1138 1912 celebris.

58 1622 107 1647 No.
125 1627 169 1655 74.

55 1964 106 1991 No.
125 1965 172 1999 73-
243 1964 404 1996 Edwardus
423 1966 511 2001 Young
522 1986 532 2002 ,
556 1962 641 1994 Sacre
655 1961 820 2001 Theologie
838 1960 1030 1992 Baccalaurius
1043 1982 1054 1997 ,
1079 1959 1167 1990 habet
1184 1958 1279 1990 consi-

208 2005 290 2035 miles
311 2004 420 2035 Literas
438 2003 569 2033 Parentes
588 2001 624 2032 de
642 2001 845 2040 presentatione
871 2000 906 2030 ad
930 1999 1099 2030 ReCmriam
1124 1998 1160 2029 de
1178 2001 1280 2038 Ripton

207 2046 303 2082 Regis,
318 2044 377 2080 jam
395 2042 533 2080 legittime
550 2042 583 2072 &
599 2040 636 2070 de
651 2042 714 2077 jure
737 2048 889 2070 vacantem
903 2061 915 2077 ,
938 2039 973 2070 ὃς
997 2038 1032 2068 ad
1059 2037 1188 2068 nostram
1213 2046 1278 2074 pre-

206 2082 392 2113 sentationem
419 2080 506 2118 pleno
529 2080 593 2117 jure
616 2079 814 2117 speetantem3
836 2078 875 2110 Et
899 2078 1059 2116 diriguntur
1077 2077 1097 2095 ⁴¹³
1124 2076 1162 2106 he
1183 2075 1282 2107 Litere

206 2120 382 2190 {Reverendo
405 2119 435 2149 in
461 2118 580 2149 Chnsto
603 2117 678 2149 Patri
704 2117 840 2149 Domino
866 2116 994 2156 Johanni
1007 2139 1016 2155 ,
1038 2114 1191 2148 Lincolnie,
1210 2114 1278 2155 Epi-

220 2169 256 2190 co
278 2170 308 2190 ο.

242 2170 333 2229 ‘IPeste
351 2197 433 2235 Rege
451 2196 525 2235 apud
543 2194 820 2236 Wstmorzastaim,
836 2194 1076 2227 decimo-octavo
1097 2192 1145 2225 die
1160 2197 1281 2234 Septem-

194 2278 195 2281 *
209 2237 275 2268 bris.

57 2082 77 2101 ί*
95 2083 179 2111 ΧΙΧ.

59 2122 125 2158 356.

244 2313 395 2344 Gualterus
412 2314 543 2343 Norman
558 2335 568 2348 ,
587 2312 739 2350 Clericus,
754 2312 782 2341 in
804 2311 921 2342 Artibus
940 2310 1189 2350 Magister,habet
1207 2319 1282 2341 con-

207 2352 310 2383 similes
331 2353 441 2384 Literas
462 2352 594 2382 Patentes
621 2351 658 2381 de
676 2351 883 2389 presentatione
897 2350 933 2381 ad
953 2350 1110 2381 Restorian
1127 2349 1163 2379 de
1179 2350 1283 2378 Sanan

206 2394 361 2422 Laurencio
381 2392 414 2421 ἃ
433 2392 532 2420 sancio
550 2389 682 2428 Johanne
701 2390 730 2419 in
747 2389 962 2428 Southampton,
979 2399 1029 2427 per
1049 2386 1280 2420 Conceffionem

203 2431 297 2461 ultimi
323 2429 518 2460 Incumbentis
543 2429 652 2459 ibidem
673 2429 734 2466 jam
750 2437 924 2466 vacantem,
951 2429 985 2459 &
1001 2427 1035 2459 ad
1059 2427 1188 2458 nostram
1237 2436 1281 2457 re-

205 2469 394 2500 sentationem
410 2469 496 2505 pleno
509 2468 574 2506 jure
590 2466 784 2505 specstantem3
802 2466 841 2498 Et
856 2467 1015 2506 diriguntur
1041 2466 1080 2498 he
1101 2466 1198 2497 Litere
1247 2475 1280 2496 e-

208 2507 333 2540 verendo
356 2508 383 2537 in
400 2505 521 2537 Christo
541 2506 617 2537 Patri
635 2504 773 2536 Domino
790 2506 923 2544 Ricardo,
943 2507 1089 2536 Wintonie
1105 2504 1262 2543 Episcopo.

248 2545 338 2577 Teste
357 2545 439 2585 Rege
459 2545 533 2583 apud
553 2543 830 2585 Wllmonasterium,
845 2543 1058 2583 decimo-septo
1077 2543 1124 2575 die
1146 2542 1284 2574 oaobris.

59 2319 108 2347 No.
125 2325 169 2353 72.

247 2621 412 2666 willielmus
430 2624 547 2659 Geor-ge,
572 2619 716 2660 Clericus,
743 2622 774 2652 in
793 2621 910 2653 Artibus
929 2620 1088 2661 Magister,
1105 2620 1192 2651 habet
1209 2630 1284 2652 con-

210 2659 1114 2731 fimlleiiliiiirasalifistizrlffirde'aiiielsen'taiionesacddRefstoriam
1132 2659 1170 2690 de
1186 2660 1285 2730 Stacgg

206 2708 258 2782 {aa
270 2710 399 2782 iiossram
411 2708 661 2780 ’presentationgrri
685 2707 887 2774 peregsiiipriluem
912 2708 1050 2781 tetiipjgrriis
1065 2707 1284 2780 »Eigznfflirnim-

210 2785 329 2807 vrtatem
347 2776 476 2819 Simonie
500 2774 556 2817 hac
579 2783 646 2804 vrce
661 2774 861 2819 spe&antem;
886 2775 924 2806 Et
951 2775 1112 2814 diriguntur
1132 2774 1168 2805 he
1188 2775 1286 2819 Litere

209 2815 387 2885 {gvffendo
406 2824 436 2845 in
455 2812 574 2845 Christo
594 2812 671 2844 Patri
687 2811 825 2844 Domino
839 2813 1000 2853 Theophila,
1031 2812 1194 2853 Menevenfi
1216 2813 1287 2852 Epi-

245 2863 335 2924 'IPesie
354 2891 436 2931 Rege
455 2889 530 2930 apud
548 2889 808 2929 Wllmonasterium
820 2913 831 2930 ‚
849 2900 930 2922 nono
952 2890 1000 2922 die
1018 2889 1155 2921 Ostobris.

60 2632 111 2660 No.
131 2636 175 2666 71.

249 2967 388 3008 Philippus
408 2966 692 3009 Quicke,Clericus,
711 2969 741 2999 in
763 2967 880 2999 Artibus
895 2966 1198 3005 Baccalaurius‚habet
1210 2977 1284 2998 con-

213 3009 316 3041 similes
337 3008 444 3039 Literas
461 3007 592 3039 Patentes
609 3007 646 3038 de
664 3007 875 3045 presentatione
890 3007 924 3038 ad
944 3007 1089 3038 Vicariam
1101 3007 1138 3036 de
1154 3005 1286 3037 Morthoe

211 3049 276 3079 alias
293 3045 439 3077 Morthew
450 3068 459 3083 ,
475 3047 537 3085 jam
555 3047 692 3085 legittime
711 3047 746 3077 δε
757 3047 793 3077 de
805 3047 867 3085 jure
880 3046 1092 3082 vacantem‚&
1109 3044 1145 3075 ad
1158 3046 1291 3076 nostram.

213 3086 452 3126 presentationem
470 3095 520 3124 per
539 3085 646 3123 lapsum
667 3086 807 3124 temporis
827 3086 881 3116 hac
899 3086 965 3116 vice
983 3084 1176 3123 spectantem3
1191 3084 1229 3115 Et
1243 3085 1287 3115 di-

212 3128 345 3194 ῐίῗυηὲπ
359 3124 397 3170 he
423 3123 519 3192 ἓὶῑῧῐε
544 3123 720 3156 Reverendo
744 3125 775 3154 in
800 3122 919 3155 Christo
943 3122 1018 3154 Patri
1043 3122 1178 3154 Domino
1202 3121 1288 3163 Jqfe-

252 3175 266 3193 ο
328 3173 407 3193 xonie
492 3171 529 3193 co
550 3172 578 3193 0.

211 3173 234 3270 Ξ
257 3186 351 3247 *Teste
367 3171 548 3240 Regepapuffi
560 3199 817 3241 westmonasterium
825 3202 842 3240 ¹,
869 3200 1125 3240 vicefimo-quarto
1141 3200 1188 3232 die
1204 3201 1290 3232 Οέῑο-

238 3250 283 3271 715.

255 3317 413 3386 FrancZEus
431 3316 541 3356 Preffe,
560 3315 691 3348 Clericus
737 3318 767 3347 in
787 3316 904 3348 Artibus
1001 3315 1083 3354 ister,
1105 3316 1192 3348 habet
1213 3326 1289 3348 con-

217 3354 320 3386 similes
373 3359 452 3388 iteras
476 3357 607 3389 Patentes
631 3356 666 3387 de
690 3340 903 3387 Rresentatione
926 3354 961 3386 ad
1009 3356 1123 3386 icariam
1148 3355 1184 3387 de
1203 3355 1291 3394 Welb-

220 3394 314 3425 winch
330 3417 340 3432 ,
366 3405 414 3432 per
438 3405 565 3427 mortem
584 3395 678 3425 ultimi
698 3393 896 3426 Incumbentis
911 3394 1021 3425 ibidem
1039 3394 1094 3431 jam
1110 3402 1261 3426 vacantem
1276 3417 1287 3433 ‚

223 3434 257 3464 &
275 3433 310 3464 ad
328 3433 454 3464 nostram
472 3435 707 3473 presentationem
727 3434 812 3472 pleno
829 3434 888 3470 jure
905 3433 1080 3471 speritantem
1091 3432 1146 3463 :Et
1164 3433 1290 3472 dirigun-

222 3480 268 3502 tur
297 3472 335 3502 he
363 3472 457 3503 Litere
481 3473 656 3504 Reverendo
686 3474 717 3503 in
737 3471 856 3502 Christo
876 3471 954 3503 Patri
971 3470 1109 3502 Domino
1126 3471 1266 3512 Franctfio
1279 3495 1291 3512 ,

225 3511 375 3539 Norwicen
387 3522 396 3538 ι
417 3511 567 3549 Episcopo.

256 3548 348 3580 Teste
366 3550 451 3589 Rege
467 3552 540 3588 apud
560 3549 834 3591 Welimonasterium,
852 3549 992 3581 vicesimo
1009 3549 1057 3580 die
1074 3548 1210 3580 octobris.

66 2981 116 3009 No.
130 2984 178 3015 7⁰·

70 3326 120 3352 No.
135 3324 183 3361 69.

258 3625 415 3671 Franciscus
433 3627 566 3666 Meron,
592 3627 742 3665 Clericus,
766 3626 853 3659 Sacre
871 3626 1037 3666 Theologie
1053 3624 1219 3664 Professor,
1236 3626 1290 3657 ha-

224 3663 272 3694 bet
290 3666 448 3696 conumrles
469 3667 576 3696 Literas
594 3666 722 3697 Parentes
739 3666 776 3696 de
793 3665 998 3704 presentatione
1015 3664 1050 3697 ad
1070 3664 1236 3696 Rectoriam
1254 3665 1292 3696 de

226 3701 348 3746 Milton,
364 3705 439 3742 juxta
455 3705 637 3744 Gravestnd,
657 3715 707 3743 per
726 3713 853 3736 mortem
867 3703 1006 3743 Johannis
1024 3707 1126 3740 Soane,
1145 3712 1234 3740 nuper
1246 3704 1291 3734 ul—

226 3747 289 3782 timi
307 3741 500 3774 Incumbentis
519 3744 623 3774 ibidem
635 3744 693 3781 jam
717 3751 868 3775 vacantem
885 3765 895 3780 ‚
919 3744 954 3775 &
980 3742 1015 3773 ad
1036 3741 1162 3772 nostram
1182 3742 1292 3778 presen-

227 3784 365 3824 tationem
390 3781 476 3818 pleno
489 3782 551 3819 jure
567 3782 753 3821 specstantem3
770 3780 808 3812 Et
837 3781 994 3820 diriguntur
1010 3781 1048 3810 he
1071 3779 1169 3810 Litere
1196 3780 1296 3813 Reve-

227 3818 317 3846 rendo
343 3828 371 3848 in
397 3819 516 3850 Christo
540 3821 615 3851 Patri
635 3821 774 3851 Domino
790 3819 939 3859 Johanni,
957 3817 1071 3857 Roffinfi
1091 3817 1246 3856 Episcopo.

265 3853 355 3885 Teste
372 3856 455 3896 Rege
471 3859 545 3896 apud
566 3858 843 3898 Wstmonasterium,
861 3859 946 3890 tertio
963 3857 1009 3888 die
1027 3856 1205 3887 Novembris.

77 3645 126 3675 No.
145 3642 190 3672 68.

268 3929 432 3975 Willielrnus
451 3934 543 3972 Wale,
558 3934 706 3973 Clericus,
723 3936 753 3966 in
763 3935 880 3966 Artibus
892 3934 1103 3971 Baccalaurius‚
1120 3934 1206 3965 habet
1221 3943 1294 3965 con·

228 3966 330 4013 similes
349 3968 600 4016 LiterasPatentes
616 3974 653 4004 de
672 3974 876 4012 presentatione
891 3973 926 4005 ad
943 3972 1116 4006 Restoriam
1133 3973 1170 4003 de
1190 3972 1297 4012 weston

232 4017 263 4036 m
279 4008 407 4051 Gordiano
421 4031 431 4046 ‚
453 4019 513 4047 jam
530 4012 670 4049 legittime
686 4013 720 4044 &
739 4013 775 4043 de
789 4013 856 4051 jure
871 4020 1020 4044 vaoentem
1032 4035 1041 4050 ,
1064 4013 1097 4044 &
1115 4011 1150 4042 ad
1165 4010 1296 4042 nostram

229 4045 462 4089 presentationem
479 4058 527 4085 per
543 4049 668 4088 Lapsum
682 4052 821 4087 temporis
835 4051 893 4082 sive
912 4060 961 4088 per
980 4051 1147 4088 pravitatem
1165 4049 1296 4081 simonie

228 4084 283 4115 hac
316 4094 379 4117 vice
411 4085 584 4124 speci-antem
599 4098 610 4125 ς
635 4086 674 4120 Et
693 4088 853 4129 diriguntur
879 4089 916 4121 he
941 4088 1039 4121 Litere
1065 4087 1240 4121 Reverendo
1262 4089 1295 4121 in

81 3949 131 3978 No.
150 3948 195 3983 67.

672 160 1921 213 CONVENTIONE8‚L1TERAE,

1307 249 1428 282 Christo
1446 249 1524 281 Patri
1544 249 1680 281 Domino
1699 246 1837 285 Waltero,
1855 244 2042 286 Bathonienfi
2052 243 2091 282 ὠ
2103 247 2226 289 Wellenfi
2261 249 2392 291 piscopo,
2409 252 2489 287 Anu,
2502 248 2536 302 [ἱ

1351 288 1443 320 Teste
1460 289 1543 328 Rege
1560 288 1636 327 apud
1655 286 1923 329 Wstmonasterium
1939 308 1950 324 ‚
1968 294 2070 324 quinto
2087 285 2134 318 die
2151 289 2327 321 Novembris.
2432 293 2520 335 1⁶31·
2534 319 2536 341 ᾗ

1353 365 1497 404 Johannes
1516 365 1664 396 Bourchier
1677 387 1687 403 ,
1706 363 1855 404 Clericus,
1881 363 1969 395 habet
1984 363 2146 394 consimiles
2164 363 2271 398 Literas
2287 367 2394 399 Paten-
2412 336 2477 402 grazia
2494 344 2536 403 is

1317 413 1358 435 tes
1384 405 1421 435 de
1446 404 1652 442 presentatione
1671 403 1705 434 ad
1725 404 1895 435 Resioriam
1910 403 1946 434 de
1965 401 2157 442 Bifiarthorpe
2170 425 2181 441 ‚
2205 413 2255 442 per
2282 405 2393 437 Ceflio—
2412 414 2463 439 No.
2482 413 2526 442 66.

1316 452 1386 474 nem
1413 443 1507 473 ultimi
1532 441 1734 474 Incumbentis
1753 443 1862 474 ibidem
1878 443 1939 481 jam
1958 450 2109 474 vacantem
2126 465 2136 481 ‚
2162 444 2196 472 &
2214 442 2248 473 ad
2268 443 2395 476 nostram

1317 480 1557 550 {resentatiionem
1602 482 1669 525 leno
1691 482 1754 519 jure
1774 482 1974 526 spectantem,
2002 480 2039 512 Et
2066 481 2228 528 diriguntur
2246 480 2285 528 be
2301 482 2397 528 Litere

1317 529 1453 596 scgggren
1474 529 1495 550 0
1514 529 1545 550 in
1594 519 1684 550 hristo
1705 520 1781 551 Patri
1797 520 1934 551 Domino
1948 518 2096 559 Johanm,
2122 519 2311 559 Lrncolntenfi
2329 520 2400 559 Epi-

1317 636 1334 666 ι
1354 597 1447 644 Teste
1465 596 1549 637 Rege
1566 595 1641 636 apud
1659 594 1937 636 Wstmonasterium,
1954 596 2229 637 vicefimo-septimo
2246 598 2293 630 die
2312 599 2397 630 oao-

1335 647 1383 666 ris.

1355 712 1522 758 Humftidus
1539 712 1696 752 Newberry
1710 735 1720 751 ‚
1748 711 1880 744 Clericus
1893 734 1904 752 ,
1929 713 1959 743 in
1979 711 2096 744 Artibus
2118 713 2276 753 Magister,
2305 715 2394 747 habet
2416 713 2465 740 No.
2483 711 2527 750 ⁶5·

1319 753 1482 783 consimiles
1501 752 1612 783 Literas
1630 752 1758 783 Patentes
1773 751 1810 782 de
1823 751 2028 790 presentatione
2043 752 2079 782 ad
2095 751 2239 784 Vicariam
2252 754 2289 785 de
2303 757 2396 785 Law-

1319 801 1396 820 rence
1419 790 1559 821 Waltham
1573 814 1584 830 ,
1609 792 1666 830 jam
1685 791 1826 830 legittime
1842 791 1876 822 &
1899 791 1936 821 de
1950 790 2015 829 jure
2033 797 2184 821 vacantem
2200 812 2211 830 ,
2236 792 2270 823 &
2287 794 2323 824 ad
2342 803 2397 824 no-

1322 829 1413 874 stram'
1437 831 1673 868 presentationem
1695 840 1746 869 per
1761 829 1868 868 lapsum
1887 831 2025 868 temporis
2043 830 2096 860 hac
2115 831 2180 860 vice
2195 831 2369 870 spectantem
2385 844 2398 872 ;

1319 867 1358 899 Et
1386 868 1544 908 diriguntur
1571 869 1609 899 he
1644 869 1740 900 Litere
1764 868 1937 900 Reverendo
1962 870 1994 900 in
2013 867 2132 900 Christo
2156 868 2235 900 Patri
2259 869 2396 902 Domino

1318 906 1462 947 Johanm’,
1478 911 1580 937 Sarum
1602 907 1756 945 Episcopo.

1357 946 1448 1015 TZs’te
1472 945 1556 986 Rege
1574 947 1649 985 apud
1667 945 1928 986 Wstmonasterium
1942 969 1953 986 ‚
1979 945 2236 985 vicesimo-quinto
2261 946 2309 979 die
2330 949 2395 979 No-

1321 996 1385 1016 vem
1403 995 1452 1016 TIS.

1358 1063 1520 1093 Edmundus
1537 1063 1650 1101 Baker‚
1669 1061 1817 1100 Clericus,
1836 1062 1865 1091 in
1885 1061 2003 1092 Artibus
2023 1059 2162 1101 Magister
2180 1088 2190 1102 ‚
2215 1063 2304 1096 habet
2322 1074 2395 1096 con.
2416 1061 2466 1089 No.
2479 1060 2535 1098 64⁸.-

1322 1101 1425 1133 fimiles
1452 1102 1560 1132 Literas
1584 1102 1718 1132 Patentes
1745 1101 1782 1131 de
1807 1100 2016 1139 presentatione
2041 1100 2076 1130 ad
2094 1101 2238 1134 Vicariam
2256 1103 2294 1134 de
2309 1107 2399 1142 Curry
2529 1099 2535 1105 ⁵

1321 1140 1419 1171 Rivell
1430 1165 1439 1178 ,
1461 1142 1522 1180 jam
1540 1141 1678 1179 legittime
1694 1140 1728 1170 &
1747 1139 1783 1170 de
1799 1140 1864 1177 jure
1881 1147 2034 1170 vacantem
2046 1160 2057 1176 ‚
2082 1138 2117 1169 δε
2135 1140 2171 1170 ad
2185 1141 2312 1173 nostram
2330 1152 2394 1182 pre-

1318 1179 1504 1211 sentationem
1524 1189 1574 1218 per
1590 1179 1696 1218 lapsum
1716 1179 1853 1215 temporis
1868 1178 1927 1209 five
1942 1186 1992 1217 per
2010 1178 2178 1217 pravitatem
2193 1179 2323 1211 Simonie
2337 1181 2394 1212 hac

1319 1220 1387 1249 vice
1408 1219 1581 1256 spectantem
1599 1230 1609 1256 ς
1637 1217 1676 1248 Et
1693 1217 1852 1255 diriguntur
1868 1217 1905 1247 he
1924 1216 2021 1247 Litere
2038 1213 2212 1248 Reverende
2228 1219 2260 1249 in
2276 1217 2395 1251 Christo

1321 1256 1398 1288 Patri
1418 1257 1553 1288 Domino
1572 1256 1711 1293 Waltero‚
1729 1254 1910 1296 Bathonienfi
1927 1254 1966 1290 ὀ·
1987 1253 2116 1295 Wllenfi
2133 1254 2289 1295 Episcopo,

1356 1295 1446 1327 Teste
1465 1296 1548 1335 Rege
1563 1297 1637 1336 apud
1653 1294 1931 1336 westmonasterium,
1951 1303 2034 1324 nono
2049 1293 2096 1324 die
2113 1297 2277 1326 Decembris.

1356 1372 1443 1410 Jacob
1459 1374 1602 1412 Tomkins,
1619 1372 1768 1410 Clericus,
1787 1372 1872 1402 habet
1889 1371 2052 1402 consimiles
2076 1370 2185 1404 Literas
2211 1373 2343 1408 Patentes
2359 1377 2397 1410 de
2417 1375 2466 1402 NJ·
2484 1374 2532 1412 634

1320 1412 1522 1450 presentatione
1547 1412 1581 1442 ad
1612 1411 1754 1442 Vicariam
1771 1410 1807 1440 de
1825 1409 1941 1447 Kilton,
1959 1419 2009 1447 per
2029 1419 2155 1441 mortem
2170 1411 2263 1444 ultimi
2279 1415 2398 1448 Incum-

1321 1452 1415 1481 bentis
1434 1450 1542 1480 ibidem
1557 1451 1618 1489 jam
1638 1459 1808 1487 vacantem,
1836 1449 1855 1468 *²
1878 1450 1911 1480 &
1938 1449 1973 1479 ad
2000 1448 2126 1479 nostram
2154 1451 2396 1488 presentationem
2417 1453 2438 1475 ο
2451 1459 2522 1489 xlx

1319 1490 1407 1529 pleno
1429 1489 1494 1527 jure
1518 1489 1718 1526 spe&antem;
1741 1487 1779 1517 Et
1804 1487 1959 1526 diriguntur
1982 1487 2019 1518 he
2049 1487 2147 1519 Litere
2165 1488 2339 1524 Reverendo
2364 1496 2395 1527 in
2417 1504 2483 1534 357.
2524 1481 2532 1491 ⁸

1320 1527 1441 1598 Christo
1467 1527 1541 1558 Patri
1567 1528 1704 1558 Domino
1726 1524 1850 1557 Waltero
1863 1549 1874 1565 ‚
1898 1525 2080 1566 Bathom'ensi
2101 1525 2141 1561 ό·
2166 1528 2296 1571 Wllenfi
2319 1531 2394 1572 Epi,

1331 1577 1420 1604 copo.

1320 1643 1337 1675 b
1358 1605 1450 1652 Teste
1475 1604 1558 1644 Rege
1575 1604 1650 1644 apud
1670 1601 1932 1642 westmonasterium
1945 1626 1956 1642 ,
1981 1602 2190 1637 decimo—sexto
2213 1606 2262 1639 die
2282 1611 2397 1642 Decem-

1339 1655 1385 1675 ris.

1359 1721 1526 1753 Willielmus
1544 1724 1615 1759 Rev,
1643 1720 1775 1752 Clericus
1789 1743 1798 1756 ,
1828 1719 1857 1748 in
1874 1717 1992 1749 Artibus
2012 1716 2153 1760 Magister
2166 1743 2177 1760 ,
2200 1721 2284 1756 habet
2303 1726 2399 1758 confi·
2419 1731 2468 1757 No.
2487 1729 2532 1758 62.

1322 1761 1403 1791 miles
1420 1761 1529 1792 Literas
1546 1761 1677 1792 Patentes
1695 1760 1730 1789 de
1749 1757 1955 1797 presentatione
1972 1756 2006 1787 ad
2024 1757 2192 1790 Rectoriam
2210 1761 2247 1792 de
2264 1766 2397 1797 Stratton

1322 1799 1403 1838 super
1421 1799 1511 1839 Foffb,
1532 1809 1581 1837 per
1600 1799 1836 1838 Resignationem
1863 1796 1957 1826 ultimi
1984 1794 2185 1829 Incumbentis
2208 1800 2314 1832 ibidem
2334 1804 2398 1842 jam

1321 1847 1493 1877 vacantem,
1517 1838 1551 1870 &
1570 1837 1604 1869 ad
1624 1841 1749 1869 nostram
1769 1836 2006 1874 presentationem
2046 1835 2112 1866 leno
2123 1839 2187 1875 jure
2204 1837 2398 1877 spe&antem··

1320 1877 1359 1909 Et
1383 1878 1542 1918 diriguntur
1568 1878 1605 1907 he
1630 1877 1726 1908 Litere
1753 1874 1928 1906 Reverendo
1951 1874 1980 1903 in
2037 1874 2130 1906 bristo
2154 1875 2232 1908 Patri
2258 1866 2399 1912 Domni&

1321 1915 1462 1956 Waltero‚
1480 1915 1665 1956 Bathonienfi
1681 1915 1720 1951 ό·
1737 1913 1861 1952 Wellenfi
1875 1912 2032 1951 Episcopo,

1358 1955 1452 2025 ‘geste
1475 1954 1559 1995 Rege
1579 1956 1655 1994 apud
1676 1952 1940 1994 Wstmonasterium
1955 1975 1965 1991 ,
1990 1952 2249 1993 decimo-septimo
2270 1955 2318 1989 die
2338 1959 2400 1988 De-

1320 2005 1373 2026 cem
1392 2005 1439 2025 ΥΙῙ.

1358 2072 1507 2112 Johannes
1524 2072 1665 2110 Machon‚
1684 2070 1835 2108 Clericus,
1853 2069 1883 2100 in
1902 2068 2020 2100 Artibus
2043 2067 2201 2111 Magister,
2219 2072 2310 2105 habet
2325 2083 2402 2107 con-
2421 2074 2472 2104 No.
2484 2072 2532 2105 61.

1325 2112 1428 2144 similes
1459 2112 1569 2143 Literas
1593 2111 1727 2143 Parentes
1751 2110 1788 2141 de
1813 2109 2018 2147 presentatione
2041 2109 2076 2140 ad
2099 2109 2244 2143 Officium
2268 2111 2403 2154 Magistri
2527 2107 2531 2110 ’

1324 2152 1383 2183 sive
1408 2151 1546 2183 Custodis
1572 2150 1728 2190 Hospitalis
1752 2148 1850 2179 sandi
1874 2146 2018 2187 Johannis
2048 2149 2175 2190 Baptiste
2199 2159 2278 2182 extra
2304 2152 2402 2185 Barras

1323 2191 1455 2223 Civitatis
1473 2189 1634 2230 Lichenfis,
1657 2199 1707 2228 per
1728 2196 1856 2219 mortem
1875 2186 1969 2218 ultimi
1988 2186 2124 2225 Magistri
2142 2189 2250 2222 ibidem
2266 2191 2328 2229 jam
2347 2203 2399 2224 va·

1323 2238 1437 2262 cantem
1453 2253 1464 2269 ‚
1486 2229 1520 2259 &
1545 2231 1579 2260 ad
1606 2230 1733 2260 nostram
1752 2226 1989 2265 presentationem
2007 2226 2096 2263 pleno
2111 2228 2176 2266 jure
2192 2228 2368 2267 speCimntem
2385 2243 2399 2270 ς

1323 2269 1362 2300 Et
1387 2269 1548 2307 diriguntur
1574 2267 1611 2299 he
1639 2268 1734 2299 Litere
1758 2264 1934 2299 Reverendo
1959 2266 1988 2295 in
2012 2263 2134 2298 Christo
2160 2267 2237 2299 Patri
2264 2269 2401 2302 Domino

1324 2308 1442 2345 Thome,
1462 2307 1653 2348 coventriensi
1669 2306 1708 2341 &⁴
1728 2304 1854 2343 Lichenfi
1867 2303 2024 2342 Episcopo.

1359 2346 1451 2379 Teste
1468 2346 1552 2386 Rege
1569 2348 1643 2386 apud
1664 2344 1940 2385 Wifftmonasterium
1955 2352 2037 2374 nono
2055 2342 2101 2374 die
2119 2344 2285 2376 Decembris.

1361 2423 1467 2454 David
1482 2422 1588 2463 Lloyd,
1612 2422 1744 2455 Clericus
1757 2445 1767 2461 ,
1792 2422 1822 2452 in
1838 2421 1946 2460 legibus
1964 2419 2082 2451 Dotior
2096 2444 2106 2460 ‚
2132 2421 2218 2453 babet
2235 2422 2399 2456 consimiles
2422 2430 2471 2456 No.
2486 2427 2534 2456 60.

1324 2463 1434 2495 Literas
1459 2462 1592 2493 Parentes
1619 2463 1656 2493 de
1681 2461 1884 2500 presentatione
1911 2459 1946 2490 ad
1975 2459 2144 2492 Reetoriarn
2168 2462 2205 2492 de
2223 2461 2374 2501 Defflryer
2389 2486 2400 2501 ,

1325 2512 1375 2540 per
1394 2501 1622 2532 Conceffionem
1642 2501 1735 2532 ultimi
1754 2499 1952 2530 Incumbentis
1969 2497 2078 2529 ibidem
2092 2499 2154 2536 jam
2173 2508 2342 2538 vacantem,
2363 2500 2400 2532 δε

1324 2541 1360 2572 ad
1383 2539 1509 2571 nostram
1528 2541 1763 2580 presentationem
1779 2538 1867 2576 pleno
1881 2539 1947 2575 jure
1962 2535 2161 2580 spectantem3
2181 2536 2222 2568 Et
2238 2537 2399 2576 diriguntur

1328 2581 1364 2611 he
1386 2579 1483 2624 Litere
1501 2579 1676 2610 Reverendo
1702 2579 1732 2609 in
1750 2576 1856 2610 Criisto
1875 2576 1953 2609 Patri
1972 2575 2105 2606 Domino
2125 2575 2284 2616 Theophila,
2301 2579 2401 2608 Mene-

1329 2617 1657 2702 ve'isiesiiepligggpg'apud
1682 2652 1943 2694 Westmonaesterium
1955 2674 1967 2690 ,
1987 2651 2250 2685 vicesimo-octavo
2274 2652 2320 2685 die
2339 2657 2402 2685 De-

1331 2695 1453 2725 cembrrs.

1364 2773 1501 2802 Henricus
1521 2770 1637 2808 Willis,
1660 2769 1806 2806 Clericus,
1831 2767 1921 2798 Sacre
1937 2766 2103 2806 Theologie
2121 2765 2334 2810 BaccalaurIus‚
2351 2771 2405 2803 lia-
2426 2783 2465 2810 N,
2490 2781 2536 2818 5⁹4

1333 2811 1382 2842 bet
1401 2809 1563 2841 consimiles
1595 2809 1699 2839 Literas
1722 2808 1854 2838 Parentes
1877 2805 1913 2836 de
1942 2806 2148 2843 presentatione
2172 2807 2208 2837 ad
2234 2807 2406 2842 Redtoriam
2468 2804 2476 2813 ⁵

1334 2850 1372 2880 de
1397 2848 1555 2878 Stanwicke
1569 2871 1579 2885 ‚
1605 2857 1655 2885 per
1683 2854 1809 2877 mortem
1829 2844 1923 2875 ultimi
1943 2844 2141 2875 incumbentis
2157 2846 2265 2877 ibidem
2279 2848 2339 2886 jam
2355 2860 2407 2881 va-

1332 2897 1447 2919 cantem
1462 2909 1472 2926 2
1503 2886 1536 2916 &
1562 2885 1597 2917 ad
1616 2884 1743 2916 nostram
1759 2883 1998 2922 presentationem
2019 2882 2107 2920 pleno
2122 2883 2187 2921 jure
2203 2884 2377 2923 spectantem
2393 2900 2405 2928 3

1330 2926 1371 2957 Et
1393 2926 1551 2963 diriguntur
1578 2925 1616 2954 he
1642 2924 1739 2955 Litere
1765 2920 1941 2953 Reverendo
1967 2921 1998 2952 in
2026 2919 2146 2952 Christo
2174 2922 2251 2954 Patri
2269 2924 2408 2958 Domino

1331 2963 1500 3001 Willielmo,
1518 2961 1725 3002 Petriburgenfi
1740 2960 1895 2999 Episcopo.

1330 3042 1347 3073 b
1364 3002 1453 3035 Teste
1472 3001 1555 3042 Rege
1573 3002 1649 3041 apud
1665 2998 1928 3041 Westmonasterium
1939 3020 1951 3037 ‚
1974 2997 2208 3032 vicefimo-nono
2225 3000 2272 3034 die
2292 3004 2406 3035 Decem-

1349 3053 1395 3073 ris.

1370 3117 1487 3149 Thomas
1503 3118 1593 3156 Holt,
1622 3117 1772 3153 Clericus,
1796 3114 1883 3147 Sacre
1900 3113 2069 3159 Tbeologie
2085 3113 2281 3149 Baccalaurius
2290 3141 2302 3158 ‚
2319 3119 2406 3152 habet
2427 3134 2478 3162 No,
2491 3128 2536 3169 58,

1331 3158 1494 3189 consimiles
1507 3158 1613 3188 Literas
1629 3157 1758 3188 Patentes
1775 3153 1812 3184 de
1826 3154 2030 3193 presentatione
2043 3154 2078 3186 ad
2085 3154 2256 3187 Rectoriam
2268 3156 2306 3188 de
2318 3161 2406 3199 Trap-

1327 3197 1421 3236 βακε,
1439 3206 1491 3236 per
1505 3196 1744 3234 Resignationem
1765 3193 1859 3224 ultimi
1884 3193 2082 3224 Incumbentis
2102 3193 2210 3226 ibidem
2224 3195 2288 3234 jam
2301 3205 2408 3228 vacan-

1330 3244 1392 3267 tem
1406 3258 1416 3275 ‚
1443 3236 1478 3267 &
1500 3235 1535 3267 ad
1563 3234 1689 3265 nostram
1711 3231 1953 3271 presentationem
1992 3232 2058 3262 leno
2072 3233 2136 3271 jure
2153 3233 2330 3272 specstantem
2339 3247 2356 3275 3,
2369 3236 2408 3268 Et

1330 3275 1490 3313 diriguntur
1516 3274 1553 3304 he
1580 3273 1674 3304 Litere
1699 3272 1879 3303 Reverendo
1902 3272 1932 3302 in
1981 3271 2069 3302 hristo
2088 3271 2164 3303 Patn'
2183 3271 2318 3305 Domino
2335 3274 2410 3307 Wil-

1330 3312 1434 3350 lielmo,
1453 3311 1653 3351 Petriburgenfi
1670 3311 1827 3348 Episcopo.

1370 3351 1462 3421 ’Ῑέεξὶε
1488 3350 1572 3390 Rege
1596 3351 1670 3389 apud
1697 3348 1961 3390 Wstmonallerium
1975 3370 1985 3386 ‚
2010 3346 2247 3381 vicesimo-nono
2275 3349 2321 3384 die
2347 3353 2408 3383 De?⁴

1331 3401 1386 3421 cem
1407 3400 1453 3420 ris.

1368 3467 1514 3498 Rodericus
1531 3465 1683 3506 Humfiey‚
1708 3463 1837 3497 Clericus
1850 3487 1861 3503 ‚
1883 3465 1914 3495 in
1933 3464 2054 3496 Artibus
2069 3463 2266 3497 Baccalaurius
2281 3490 2294 3506 ‚
2317 3465 2404 3500 habet
2424 3479 2475 3506 N„
2489 3483 2536 3514 57⁴

1340 3507 1500 3537 consimiles
1528 3505 1636 3536 Literas
1667 3504 1798 3535 Patentes
1822 3503 1858 3534 de
1884 3503 2089 3542 presentatione
2113 3503 2150 3535 ad
2176 3503 2345 3536 Recteriiim
2366 3503 2403 3534 de

1330 3544 1564 3584 Llangihanghell
1579 3543 1737 3582 Penbeddo,
1756 3553 1805 3581 per
1825 3552 1952 3574 mortem
1970 3542 2065 3574 ultimi
2082 3541 2281 3575 Incumbentis
2296 3541 2401 3573 ibidem

1326 3586 1387 3624 jam
1406 3592 1575 3620 vacantem,
1595 3583 1629 3613 &
1645 3582 1679 3612 ad
1698 3581 1824 3612 nostram
1843 3581 2078 3620 presentationem
2097 3581 2184 3619 pleno
2197 3582 2261 3620 jure
2277 3579 2402 3618 spedhani-

1333 3632 1393 3655 tem
1409 3634 1420 3662 3
1446 3622 1485 3652 Et
1509 3621 1668 3660 diriguntur
1692 3621 1731 3651 he
1755 3620 1852 3651 Litere
1868 3618 2042 3651 Reverendo
2059 3621 2089 3651 in
2107 3618 2227 3650 Christo
2243 3617 2320 3657 Patri
2336 3616 2403 3649 Do-

1334 3663 1416 3693 mino
1434 3659 1598 3699 Theophila,
1616 3659 1782 3698 Menevenfi
1798 3658 1955 3698 Episcopo.

1370 3699 1460 3731 Teste
1483 3698 1568 3738 Rege
1591 3697 1666 3736 apud
1682 3697 1957 3737 Westmonasterium‚
1977 3706 2057 3728 nono
2075 3696 2122 3728 die
2139 3695 2287 3735 Januarii.

1370 3775 1502 3807 Ricardus
1520 3773 1626 3812 Lloyd‚
1643 3772 1774 3805 Clericus
1786 3796 1797 3812 ‚
1815 3774 1845 3804 in
1865 3773 1984 3805 Artibus
2003 3769 2207 3812 Baccalaurius,
2225 3767 2313 3801 habet
2330 3780 2404 3804 con-
2422 3776 2473 3803 NJ.
2487 3770 2533 3809 56.

1335 3815 1440 3846 similes
1465 3814 1573 3844 Literas
1602 3812 1731 3843 Parentes
1755 3812 1791 3843 de
1809 3813 2012 3852 presentatione
2031 3810 2069 3842 ad
2082 3808 2256 3849 Rec'l'oriam
2274 3808 2312 3839 de
2335 3813 2408 3840 lna-

1335 3853 1464 3892 nerdebey
1479 3875 1489 3890 ‚
1513 3861 1564 3890 per
1587 3849 1755 3881 Ceffionem
1773 3851 1867 3881 ultimi
1885 3849 2079 3890 incumbentis
2095 3845 2194 3875 ibdem
2216 3854 2277 3883 Jam
2297 3856 2404 3880 vacari..

1334 3902 1396 3925 tem
1416 3916 1425 3930 ‚
1453 3892 1487 3922 &
1509 3890 1544 3920 ad
1564 3889 1690 3920 nostram
1709 3889 1942 3927 presentationem
1961 3887 2046 3925 pleno
2057 3893 2120 3922 jure
2135 3882 2308 3927 specstantem
2324 3897 2336 3925 3
2362 3887 2402 3919 Et

1335 3932 1494 3969 diriguntur
1520 3928 1558 3958 he
1578 3928 1673 3959 Litere
1693 3927 1866 3959 Reverendo
1884 3928 1915 3958 in
1933 3922 2051 3956 Christo
2068 3921 2143 3953 Patri
2163 3921 2302 3955 Domino
2318 3925 2404 3958 Theo-

1331 3970 1424 4010 phila,
1442 3967 1605 4007 Menevenfi
1620 3965 1776 4004 Episcopo.
2044 3999 2050 4005 ,
2145 3999 2151 4005 ,

1373 4006 1465 4039 Teste
1487 4005 1571 4045 Rege
1595 4005 1669 4043 apud
1690 4002 1964 4044 Wllmwasterim,
1982 3998 2107 4038 sepumo
2123 3998 2170 4030 die
2186 3999 2331 4038 Januarii.

1371 4087 1491 4117 owinus
1505 4085 1583 4118 Price
1596 4106 1608 4122 ,
1628 4081 1777 4118 Clericus,
1802 4080 1834 4110 in
1852 4075 1971 4109 Artibus
1986 4074 2151 4129 Magister,
2163 4076 2256 4112 habet>
2268 4078 2404 4149 confirm
2421 4084 2470 4112 No.
2486 4087 2532 4117 55·
