2536 4255
98 532 201 563 No.29.

89 1332 137 1355 κο.
149 1327 195 1356 28.

82 1648 130 1672 No.
149 1654 190 1680 27.

77 2834 211 2862 nzvm.

76 2876 145 2908 649.

77 2948 156 2979 Ann.
172 2946 218 2978 D.

101 2990 187 3027 1625.

78 3031 131 3056 An.
153 3037 177 3056 1.

79 3069 143 3094 Car.
167 3075 190 3093 r.

79 3109 140 3133 Par.
158 3113 181 3133 1.

80 3147 145 3171 Car.
161 3151 186 3172 r.

128 3192 142 3209 2
167 3204 173 3210 ,
230 3170 414 3202 Scaccarium
430 3169 571 3200 nostrum.

82 3229 110 3249 n.
130 3228 173 3247 10.

250 32 299 73 32
691 14 1506 68 CONVENTIONE83·

94 102 173 135 Asin.
187 102 232 134 D.
289 101 380 134 Teste
395 101 477 141 Rege
491 100 564 139 apud
577 99 720 138 Reading,
737 99 915 133 duodecimo
931 102 989 134 Die
1002 103 1182 135 Novembris.

93 143 206 211 X?

96 224 162 248 Car.
183 232 205 249 r.

98 258 235 323 Σξνιῐῐ,
262 258 430 287 Wrehorne
452 253 570 285 Dioces’
595 256 731 285 cantuar'
751 258 807 293 jam
828 257 954 296 legitime
974 259 1007 289 &
1028 258 1064 290 de
1078 261 1140 299 jure
1153 270 1321 299 vacantem,

118 306 136 332 4
159 318 166 325 .

292 180 472 211 HENchus
499 178 674 214 CURTISE,
698 177 845 217 Clericus,
872 180 901 209 in
931 179 1051 213 Artibus
1069 181 1211 222 Magister
1237 181 1321 214 habet

257 220 418 250 consimiles
438 219 544 248 Literas
571 219 588 233 *²
604 216 735 248 Parentes
754 218 792 248 de
814 217 1022 251 Presentatione
1045 221 1080 251 ad
1097 221 1266 252 Rectoriam
1284 222 1321 253 de

260 297 292 326 &
306 296 340 326 ad
355 295 481 325 nostram
496 293 737 336 Presentationern
752 296 839 334 pleno
849 298 913 335 jure
926 296 1106 335 spee’tantem.
1144 298 1182 329 Et
1196 299 1323 338 dirigun-

255 344 300 365 tur
316 335 354 364 he
371 333 464 362 Litere
475 341 506 362 ut
521 335 611 370 lupia.

291 371 379 403 Teste
393 370 476 409 Rege
490 375 565 409 apud
584 371 865 413 westmonasterium,
883 375 966 405 tertio
982 374 1041 406 Die
1059 379 1171 406 Martii.

250 452 294 479 De
309 446 476 478 stallatione
493 452 523 478 in
545 449 679 478 Prebcnd’
694 449 808 480 Danieli
823 449 906 481 Price
920 454 999 487 Sacre
1016 452 1154 491 Theologie
1168 453 1324 494 Profeffori.

288 524 371 563 Rex,
390 526 453 556 &c.
477 525 602 556 Diieffis
627 527 711 556 nobis
732 528 760 556 in
787 526 906 557 Christo
930 527 1067 569 Capitulo
1081 531 1115 561 &
1133 529 1325 561 Prebendario

252 562 387 594 Reliden'
403 563 530 595 Ecclelie
546 564 642 596 nostie
657 564 835 596 Cathedralis
847 567 964 607 Hereff'
985 568 1039 598 live
1053 569 1096 598 alii
1111 571 1274 607 cuicunque
1291 571 1321 600 in

253 603 308 633 hac
330 612 405 642 parte
431 602 646 634 Authoritatem
670 604 785 634 habenti
804 605 938 636 Salutem.
975 605 1054 636 Cum
1075 617 1128 638 nos
1150 609 1246 646 primo
1263 607 1321 639 Die

254 640 388 672 Instantis
408 640 515 672 Mensis
541 641 612 679 julii
633 653 681 679 per
708 643 812 673 Literas
831 643 939 674 nostras
955 643 1087 676 Patentes
1099 647 1320 685 prelentavimus

249 679 387 711 dileemm
408 682 491 711 nobis
510 681 537 710 in
555 680 674 711 Christo
688 680 832 710 Danielem
848 681 926 711 Price
943 682 1097 714 Decanum
1116 684 1242 716 Ecclesie
1259 695 1313 715 no-

249 717 306 749 stre
321 718 497 750 Cathedralis
508 719 622 758 Heroff'
638 720 671 750 ad
692 720 871 750 prebendam
887 721 942 750 sive
959 720 1175 754 Canonicatum
1192 724 1228 754 de
1243 726 1316 753 Hin-

249 765 298 789 ton
321 759 351 788 in
379 757 503 788 Eccleiia
527 756 621 789 nosti-a
648 757 809 789 Caihedrali
834 758 949 798 Hereff'
967 760 1088 798 prediet’
1109 772 1157 798 per
1182 761 1314 792 Mortem

248 795 416 827 Reverendi
429 798 457 826 in
476 795 598 827 Christo
615 797 700 827 Patris
713 797 828 826 JiIilonis
844 807 929 835 nuper
942 797 1079 837 Episcopi
1093 800 1186 830 Glouc'
1201 811 1234 831 ac
1250 802 1315 831 ulti-

247 837 288 865 mi
303 835 472 866 Prebendar'
487 835 543 865 five
557 834 698 865 Canonici
715 836 837 874 ejusdem
856 837 959 868 virtute
974 838 1119 875 cujusdam
1133 839 1315 871 Commend'

247 875 341 905 eidem
366 873 539 905 Reverendo
564 874 639 904 Patii
663 874 728 905 first¹
749 876 804 911 jam
820 884 984 913 vacantem,
1001 878 1034 906 ὃς
1051 878 1085 907 ad
1104 876 1230 908 nostram
1246 878 1314 909 Pre-

247 913 436 945 {curationem
452 914 516 951 jure
538 912 718 951 Prerogative
741 912 862 943 Corone
882 913 978 944 nostre
995 914 1090 951 Regie
1106 925 1154 947 aut
1170 917 1224 947 alio
1239 927 1312 954 quo-

246 962 361 991 cunque
385 953 477 982 modo
500 952 555 982 hac
575 953 641 983 vice
660 952 831 990 specstanteni
847 974 856 989 ,
880 962 949 983 cum
971 955 1107 984 omnibus
1130 956 1182 985 suis
1196 955 1314 993 juribus

245 990 390 1021 Membris
412 992 446 1022 &
471 990 648 1021 pertinentiis
668 991 800 1021 universis
819 1000 904 1028 prout
922 992 952 1020 in
966 991 1070 1023 eisdem
1087 993 1192 1025 Literis
1207 993 1312 1025 nostris

244 1029 412 1060 Parentibus
435 1029 542 1067 plenius
566 1030 743 1063 contineam·
783 1028 875 1059 Vobis
897 1031 981 1068 igitur
995 1031 1164 1062 mandamus
1178 1033 1257 1070 quod
1270 1035 1312 1064 ei-

243 1069 311 1099 dem
324 1068 439 1098 Danieli
454 1070 530 1097 Price
541 1067 660 1097 Stallum
679 1069 707 1098 iri
721 1067 826 1098 Choro
840 1069 873 1099 &
891 1068 1010 1099 Locum
1022 1080 1055 1100 ac
1074 1069 1187 1101 Vocem
1203 1072 1233 1100 in
1250 1071 1312 1102 Ca-

243 1107 340 1176 pmii
350 1106 487 1146 assignetis
499 1106 663 1144 affignarive
679 1106 783 1136 faciatis
797 1107 825 1136 in
838 1108 974 1138 omnibus
988 1108 1136 1148 diligenter
1152 1118 1236 1148 prout
1245 1120 1313 1141 mo-

244 1156 280 1177 ris
298 1157 313 1177 e
341 1170 347 1175 .

279 1184 371 1216 Teste
387 1183 471 1223 Rege
482 1183 557 1221 apud
571 1183 825 1223 westmonasterium
834 1208 844 1223 ,
862 1184 957 1222 primo
970 1182 1030 1217 Die
1042 1186 1127 1225 Jusn'.

301 1261 453 1304 Confimiles
475 1263 591 1291 Literas
608 1261 640 1291 a'e
658 1261 825 1292 Stallatione
837 1260 944 1292 habent
958 1262 1075 1302 Perfime
1090 1262 1247 1304 fhbfiripte.

279 1338 412 1368 Ismene
433 1338 624 1368 BARGRAVE
644 1361 654 1376 ,
680 1339 708 1369 S.
726 1339 765 1370 T.
786 1339 819 1369 P.
842 1349 875 1370 ac
902 1339 1126 1378 Capellanorum
1148 1341 1310 1372 nostrorum

239 1388 312 1409 unus
335 1378 370 1407 ad
388 1377 571 1407 Decanaturn
588 1377 717 1408 Ecclelie
731 1378 826 1409 nostre
841 1376 1019 1409 cathedralis
1040 1381 1073 1411 &
1089 1378 1311 1418 Metropolitice

241 1415 349 1446 Cliiiiii
369 1416 505 1445 Cantuar'
520 1424 569 1452 per
585 1415 718 1446 Mortem
737 1416 888 1447 naturalem
897 1416 1042 1455 Johanm's
1050 1418 1312 1459 Boyfi’ultimiDe-

237 1457 303 1522 cansi
317 1455 499 1522 ἑὸζιὶξὲῗὲτξω
515 1463 684 1493 vacantem,
702 1456 736 1487 ὃς
751 1456 784 1486 ad
800 1455 928 1486 nostram
944 1456 1146 1488 Donationem
1164 1458 1251 1495 pleno
1261 1458 1310 1496 ju-

238 1503 364 1592 :essrelie
381 1531 462 1570 Rege
478 1530 552 1570 apud
568 1529 727 1564 Civitatem
742 1535 828 1563 Nove
844 1536 962 1571 Sarum,
979 1532 1134 1566 undecimo
1152 1534 1212 1567 Die
1226 1537 1309 1566 080-

237 1581 298 1599 eslf.

269 1649 452 1687 Joirmmss
472 1649 600 1687 Woon,
619 1648 767 1688 Clericus,
786 1650 814 1681 in
833 1649 947 1681 Artibus
964 1648 1015 1681 Ma
1040 1650 1115 1690 ister,
1132 1651 1165 1682 ad
1181 1651 1308 1683 Preben-

234 1688 298 1718 dam
325 1688 379 1719 sive
403 1687 616 1719 Canonicatum
643 1691 758 1720 tertium
780 1691 808 1719 in
826 1688 950 1720 Ecclefia
965 1689 1021 1721 Cat
1049 1691 1133 1721 edrali
1149 1690 1241 1721 Glouc'
1258 1701 1309 1729 per

234 1726 471 1763 Refignationem
492 1730 644 1758 Laurentii
668 1727 926 1765 Bridger-Clerici,
945 1728 1040 1760 ultimi
1054 1729 1236 1760 Prebendarii
1251 1732 1307 1761 live

235 1764 378 1796 Canonici
400 1765 524 1802 ejusdem
547 1768 604 1803 jam
625 1775 791 1804 vacantem,
810 1768 843 1798 ὅς
866 1766 900 1797 ad
924 1766 1052 1798 nostram
1068 1768 1306 1807 presentationem

233 1806 321 1843 pleno
335 1807 393 1841 jure
407 1805 590 1842 speetantem.

270 1843 359 1874 Teste
376 1843 458 1882 Rege
469 1843 543 1881 apud
559 1842 700 1883 Reading,
719 1843 835 1875 decimo
848 1854 930 1875 nono
945 1842 1004 1876 Die
1018 1845 1194 1876 Novembris.

270 1918 419 1951 Tnoiiss
440 1920 605 1957 WiLsoN,
624 1920 653 1950 S.
674 1920 714 1950 T.
736 1921 778 1952 D.
803 1921 835 1951 ad
861 1920 1038 1952 Prebendam
1053 1923 1131 1953 illam
1147 1921 1191 1953 seu
1207 1921 1307 1954 Cano-

230 1961 360 1990 nicarum
383 1960 411 1989 in
436 1959 562 1989 Ecclesia
579 1958 674 1988 nostra
691 1959 848 1998 Collegista
869 1961 936 1990 Divi
952 1962 1030 1990 Petri
1043 1960 1153 2001 W’stm’
1170 1972 1219 2001 per
1234 1962 1305 1993 libe-

231 2009 291 2030 ram
317 2000 350 2030 ὃς
372 1998 556 2035 spontaneam
587 1996 827 2037 Reiignationem
849 2000 966 2027 Henrici
981 2000 1064 2037 Cesar
1079 2001 1170 2031 ultimi
1185 2001 1306 2032 Incum-

229 2037 323 2067 bentis
351 2037 461 2066 ibidem
478 2037 540 2074 jam
562 2046 730 2076 vacantem,
750 2039 782 2070 ὃ(
807 2037 841 2068 ad
856 2037 984 2068 nostram
999 2038 1203 2070 Donationem
1220 2040 1306 2078 pleno

226 2077 286 2114 iure
305 2075 488 2110 speftantem.

266 2115 294 2144 T
296 2113 354 2143 este
373 2113 453 2152 Rege
471 2113 545 2151 apud
562 2112 843 2154 Ηξβωσηαβενὶιυη,
865 2113 986 2152 septimo
1003 2114 1062 2146 Die
1077 2115 1226 2156 Januarii.

262 2192 447 2231 JoHANNEs
469 2191 610 2222 Lomtm
621 2214 631 2230 ,
649 2189 799 2229 Clericus,
818 2191 847 2221 in
864 2191 980 2222 Artibus
995 2191 1136 2231 Magister
1151 2194 1186 2224 ad
1202 2193 1302 2225 Cano-

228 2232 358 2261 nicatum
391 2231 448 2260 sive
472 2230 654 2260 Prebendam
676 2231 800 2267 primam
824 2230 895 2261 infra
916 2229 1075 2261 Ecclesiam
1098 2231 1302 2264 Cathedralem

229 2268 342 2301 Christi
361 2270 394 2300 ὃς
412 2268 495 2300 Beate
511 2272 604 2297 Marie
618 2271 738 2305 Virginis
756 2267 874 2306 Roffens’
891 2278 940 2307 per
956 2269 1187 2307 Reiignationem
1202 2271 1301 2301 Thome

229 2306 295 2337 Bell
319 2310 484 2346 vacantemj,
501 2307 598 2344 &iadss
615 2308 743 2338 nostram
763 2306 964 2339 Donationem
984 2308 1069 2346 pleno
1087 2309 1151 2347 jure
1176 2309 1301 2349 specstan-

229 2355 355 2415 t&Teste
370 2385 456 2423 Rege
471 2384 548 2424 apud
566 2383 827 2425 Wstmonastcrium
837 2407 846 2422 ,
865 2384 951 2415 tertio
969 2383 1029 2416 Die
1044 2388 1160 2417 Martii.

261 2461 439 2493 thARDUs
460 2461 685 2493 Pasieria-rori
702 2484 711 2499 ,
736 2460 885 2499 Clericus,
912 2462 940 2492 in
964 2460 1083 2493 Artibus
1105 2462 1241 2503 Magister
1265 2464 1299 2495 ad

226 2501 373 2532 vicariam
396 2501 432 2531 de
454 2500 564 2530 Shtlton
582 2502 610 2530 in
628 2499 720 2531 Com'
734 2500 832 2530 nostro
846 2501 942 2531 Warr’
956 2501 989 2531 δε
1007 2502 1128 2533 Dioces'
1144 2503 1246 2533 Coven'
1263 2505 1297 2535 &

226 2539 343 2570 Lichen’
368 2549 416 2576 per
439 2538 572 2569 Mortem
588 2539 679 2569 ultimi
694 2538 862 2570 Possessoris
878 2548 1029 2570 vacantem
1040 2563 1051 2578 ,
1067 2541 1101 2571 &
1115 2542 1151 2572 ad
1167 2542 1294 2572 nostram

227 2578 426 2609 Donationem
444 2578 530 2615 pleno
545 2578 609 2615 jure
626 2577 811 2612 spectantem.

263 2615 354 2647 Teste
370 2615 454 2655 Rege
468 2616 542 2654 apud
556 2616 714 2654 Readinge,
733 2616 887 2647 undecimo
902 2614 961 2646 Die
976 2617 1151 2648 Novembris.

409 2687 465 2716 Per
482 2687 631 2715 Dominum
647 2683 784 2724 custodem
800 2687 901 2723 Magni
915 2685 1002 2724 sigilli
1017 2687 1132 2726 Anglie.

226 2807 247 2827 ’⁴²
273 2808 323 2840 De
345 2800 516 2847 Conceffi'one
533 2800 633 2848 Officii
649 2803 688 2835 V
685 2805 868 2835 icecomitum
884 2800 1115 2849 inseparalibus
1135 2806 1294 2838 Comitati·

565 2851 618 2884 bus
635 2851 750 2897 Anglie
766 2853 803 2889 ὠ·
826 2851 943 2885 Wallie.

236 2937 359 2997 REX
378 2939 514 2983 omnibus
528 2937 562 2969 ad
579 2947 652 2976 quos
662 2962 675 2982 ³.
689 2938 749 2970 ἃς.
770 2936 906 2981 Salutem.
1029 2977 1035 2983 ⁶
1290 2981 1297 2987 ⁶

347 2978 445 3008 Sciatis
465 2977 544 3016 quod
564 2976 762 3007 commisimus
779 2976 885 3007 diiecto
905 2976 939 3007 &
961 2975 1037 3007 fideli
1050 2975 1151 3008 nostro
1164 2976 1295 3017 Johanni

231 3015 351 3047 Darrell
372 3015 544 3052 Batonetto,
563 3013 748 3045 Comitatum
771 3015 901 3045 nostrum
920 3015 1005 3045 Berk’
1027 3025 1096 3046 curn
1118 3018 1296 3054 pertinentiis

232 3054 454 3086 custodiendum
477 3053 612 3093 quamdiu
635 3053 718 3082 nobis
739 3053 893 3092 placuerit,
931 3053 972 3084 Ita
985 3054 1064 3092 quod
1078 3054 1173 3085 firmas
1188 3056 1296 3085 debitas

232 3095 318 3125 nobis
339 3093 436 3124 reddat
456 3093 621 3129 annuatim,
638 3100 671 3120 ac
693 3091 729 3122 de
747 3091 849 3121 debitis
869 3091 973 3122 nostris
987 3094 1020 3124 &
1036 3094 1173 3124 omnibus
1189 3094 1246 3124 aliis
1260 3094 1295 3124 ad

233 3131 378 3164 Officium
399 3130 586 3162 Vicecomitis
603 3128 720 3168 predi&
739 3128 831 3160 Com'
845 3130 965 3168 speetan’
985 3131 1068 3162 nobis
1080 3131 1244 3170 respondeat
1261 3133 1295 3163 ad

267 3207 301 3239 In
320 3210 400 3248 cujus
417 3210 475 3246 rei,
492 3209 554 3240 &e

268 3247 357 3279 Teste
374 3247 458 3287 Rege
471 3246 544 3285 apud
557 3245 695 3284 Reading,
712 3245 829 3276 decimo
843 3247 928 3277 tertio
940 3244 1001 3278 Die
1015 3246 1191 3277 Novembris.

882 3333 973 3361 nuper
987 3322 1053 3354 Vic'
1069 3322 1160 3353 Com’
1194 3322 1294 3354 rediet’

1193 3362 1293 3401 otulis,

268 3322 309 3356 Et
326 3324 491 3356 mandatum
506 3324 546 3356 est

253 3365 311 3394 uod
330 3364 514 3394 Comitatum
537 3361 696 3401 predictum
720 3370 790 3392 cum
814 3362 986 3399 pertinentiis
1002 3371 1056 3391 una
1074 3371 1144 3391 cum

232 3372 384 3440 {revibuffi
405 3403 596 3433 memorandis
616 3402 650 3432 ὃ(
672 3400 808 3431 omnibus
829 3400 863 3430 ad
884 3399 1027 3430 Officium
1043 3400 1108 3431 Vic’
1125 3399 1214 3430 Com'
1228 3410 1292 3440 pre-

234 3441 304 3472 dist’
331 3441 451 3479 speetan’
465 3451 521 3479 que
534 3443 563 3471 iri
578 3439 716 3471 Custodia
733 3438 776 3468 sua
789 3438 912 3469 existunt
928 3448 975 3476 per
989 3437 1153 3469 Indenturas
1170 3438 1235 3471 inde
1250 3441 1293 3470 in-

233 3487 276 3510 ter
291 3480 318 3509 se
331 3482 363 3511 &
380 3480 477 3517 prefat'
489 3479 651 3518 Johannem
665 3475 784 3508 Darrell
798 3477 894 3508 debite
907 3475 1098 3508 conficiendas
1111 3477 1220 3508 liberet.

270 3517 361 3549 Teste
376 3526 408 3549 ut
421 3518 508 3558 supra.

273 3592 311 3626 Et
333 3595 497 3626 mandatum
513 3594 555 3625 est
576 3592 822 3634 Archiepiscopis,
840 3591 1005 3636 Episcopis,
1025 3591 1173 3630 Ducibus,
1189 3592 1295 3624 Corni-

236 3633 328 3670 tibus,
344 3632 517 3672 Batonibus,
536 3633 692 3672 Militibus,
707 3633 802 3664 liberis
821 3631 1003 3662 Homimbus
1027 3632 1061 3662 &
1083 3633 1221 3662 omnibus
1239 3632 1297 3662 aliis

238 3672 273 3700 de
300 3671 447 3702 Comitatu
471 3672 601 3710 pre-dieto
615 3695 624 3710 ,
651 3673 728 3710 quod
749 3671 844 3702 eidem
870 3669 997 3708 Johanm·
1019 3667 1139 3699 Darrell
1160 3679 1295 3708 tanquam

241 3707 308 3738 Vic'
330 3708 420 3739 Com'
441 3711 557 3747 predieii
579 3711 607 3740 in
630 3711 768 3740 omnibus
782 3719 838 3748 que
856 3709 891 3739 ad
910 3707 1054 3739 Officium
1069 3708 1139 3740 illud
1155 3710 1295 3747 pertinent

238 3747 414 3778 intendentes
429 3749 480 3778 sint
498 3748 695 3787 respondentes
713 3750 746 3781 &
761 3748 931 3780 auxiliantes.

272 3784 307 3815 In
321 3787 398 3821 cuius
409 3788 465 3824 rei,
483 3787 544 3818 &c.

287 3823 375 3854 Teste
393 3833 424 3854 ut
442 3826 527 3864 supra.

1371 3741 1544 3773 Confimiles

1336 3780 1428 3813 Com’
1441 3781 1537 3811 Nott’.
2018 3814 2024 3820 .

1373 3819 1463 3851 Teste
1480 3818 1563 3865 Rege
1581 3819 1655 3858 apud
1667 3817 1808 3857 Reading,
1824 3817 1968 3852 tricesimo
1985 3814 2042 3845 Die
2056 3813 2234 3846 Novembris.

1579 19 1974 78 LiTEnAE,

1395 106 1544 146 Johannes
1567 108 1610 136 W
1611 110 1706 146 ingate
1725 109 1878 151 Armiger,
1897 110 1965 143 Vic’
1979 111 2008 142 in
2023 109 2117 144 Com’
2132 115 2235 148 Bedd‘.

1464 145 1555 176 Teste
1573 154 1604 177 ut
1620 146 1708 185 supra.
2476 160 2534 189 162

1397 183 1552 252 Edv'zga'sss
1567 186 1640 254 σοὶ-ἱ
1653 186 1757 228 Miles,
1775 188 1842 221 Vic’
1858 188 1889 218 in
1909 187 2000 219 Com’
2016 190 2113 221 Buck'.
2455 202 2509 228 An.
2530 209 2536 227 i

1500 233 1516 253 e
1543 233 1559 253 e
1576 232 1606 254 Ut
1634 235 1650 254 U
1673 236 1708 256 Ta.
2481 247 2497 265 ἦ
2514 259 2520 266 .

1401 263 1537 291 Henricus
1552 235 1679 293 Blincofv
1696 263 1804 304 Miles,
1822 264 1890 296 Vic’
1908 266 1937 297 in
1952 264 2044 297 Com'
2061 267 2182 301 cumbr'‚
2457 241 2481 266 c
2498 247 2511 266 r

1469 299 1558 332 Teste
1573 311 1604 332 ut
1620 301 1709 342 supra.

1403 340 1552 368 Martinus
1567 340 1658 370 Peirce
1675 341 1826 382 Armiger,
1845 340 1913 374 Vic’
1926 343 1956 374 in
1973 343 2064 376 Com'
2079 346 2184 377 Hunt’.

1471 376 1563 408 Teste
1575 387 1607 409 ut
1620 381 1707 419 supra.

1402 413 1551 454 Johannes
1563 417 1643 448 Done
1657 419 1764 458 Miles,
1782 418 1848 451 Vic'
1862 420 1893 449 in
1909 418 2000 451 Com’
2014 421 2108 462 Cestr’.

1469 454 1559 486 Teste
1572 465 1603 486 ut
1615 457 1703 495 supra.

1398 492 1514 523 Thomas
1532 494 1646 534 Wyvell
1655 496 1807 537 Armiger,
1824 496 1891 528 Vic’
1908 498 1939 528 in
1956 496 2047 529 Com'
2061 501 2188 532 Cornub’.

1468 532 1557 563 Teste
1573 542 1604 564 ut
1618 534 1705 572 supra.

1399 570 1531 601 Nicolaus
1542 574 1612 612 Frye
1628 573 1763 613 Armiger
1773 597 1783 613 ,
1799 573 1865 604 Vic'
1879 575 1909 604 in
1923 573 2016 605 Com’
2034 577 2158 607 Devon'.

1464 609 1556 641 Teste
1570 620 1600 640 ut
1616 613 1704 649 (upra.

1397 648 1554 686 Franciscus
1570 648 1726 680 Chaldicott
1742 651 1895 690 Armiger,
1913 651 1942 682 V
1943 652 1979 682 ic’
1995 652 2025 683 in
2039 652 2131 684 Com’
2146 656 2240 686 Dors'.

1465 686 1555 717 Teste
1571 697 1602 718 ut
1617 688 1705 726 supra.

1398 725 1535 755 Henrirus
1547 727 1658 765 Harper
1675 727 1829 766 Armiger,
1845 727 1913 760 Vic‘
1927 730 1958 760 in
1975 728 2067 760 Com’
2083 730 2180 762 Derb’.

1465 763 1554 794 Teste
1569 774 1599 795 ut
1615 766 1704 803 supra.

1393 799 1510 870 Thoen?
1520 804 1718 872 stWntiz-vorth
1740 803 1829 836 Miles
1844 805 1878 837 &
1894 804 2080 846 Batonettus,
2096 807 2164 840 Vic'
2178 809 2208 841 in
2224 808 2316 843 Com’
2337 812 2435 845 Ebor'.

1502 850 1518 870 e
1544 851 1559 871 e
1576 850 1607 872 ut
1636 852 1652 872 u
1675 853 1713 874 ra.

1396 877 1548 908 Arthurus
1562 851 1673 910 Harrils)
1683 880 1784 920 Miles,
1803 880 1870 913 Vic'
1885 883 1915 914 in
1931 882 2023 915 Com'
2040 885 2145 925 Efflx’.

1466 917 1555 948 Teste
1570 927 1600 948 ut
1615 919 1702 956 supra.

1398 955 1564 986 Wllielmus
1587 958 1688 987 Sandis
1703 957 1791 990 Miles
1801 980 1812 997 ‚
1830 958 1899 991 Vic’
1911 960 1941 991 in
1957 959 2048 992 Com'
2065 962 2167 995 Glouc‘.

1465 993 1556 1026 Teste
1572 1004 1602 1026 ut
1617 996 1706 1035 supra.

1398 1032 1563 1103 Ῑᾶἵὶίζὶςίνῗὶω
1578 1036 1684 1103 Listton
1701 1035 1806 1074 Miles,
1827 1034 1892 1067 Vic’
1907 1037 1937 1066 in
1953 1034 2043 1068 Com’
2057 1040 2174 1082 Hertf'.

1495 1082 1510 1103 e
1536 1081 1594 1105 eut
1622 1084 1638 1104 u
1660 1084 1696 1105 ra.

1396 1110 1511 1180 EgidiTus
1517 1083 1788 1181 s{Briclgeprrmiger
1797 1137 1808 1153 ,
1825 1111 1893 1144 Vic'
1911 1113 1942 1144 in
1957 1112 2049 1144 Com'
2063 1117 2190 1158 Heres:

1499 1160 1515 1180 e
1544 1159 1559 1180 e
1573 1160 1604 1181 ut
1633 1162 1649 1181 u
1671 1162 1710 1183 ra.

1396 1187 1508 1228 Ifizacus
1520 1188 1608 1229 Sidley
1663 1191 1710 1222 iles
1723 1192 1756 1223 &
1773 1190 1957 1230 Baronerrus,
1979 1190 2046 1224 Vic'
2059 1194 2088 1224 in
2106 1193 2198 1226 Com'
2212 1198 2315 1229 Kane.

1462 1227 1550 1258 Teste
1564 1237 1595 1258 ut
1610 1228 1697 1268 supra.

1394 1263 1511 1295 nomas
1526 1267 1654 1306 Hartopp
1673 1267 1776 1307 Miles,
1795 1268 1858 1301 Vic'
1872 1269 1901 1299 iri
1915 1267 2006 1300 Com’
2022 1271 2107 1301 Leic’.

1464 1303 1556 1335 Teste
1575 1315 1606 1336 ut
1623 1307 1710 1345 supra.

1396 1342 1546 1412 Jothrgnfis
1564 1346 1649 1413 Wrtszy
1669 1345 1754 1377 Miles
1769 1346 1803 1378 &
1815 1344 2000 1386 BaronettuS,
2024 1346 2089 1379 Vic’
2103 1349 2135 1379 in
2149 1349 2242 1382 Com’
2255 1352 2391 1384 Lincoln’.

1497 1392 1512 1411 e
1539 1392 1554 1413 e
1569 1391 1599 1413 ut
1629 1394 1645 1414 u
1667 1394 1705 1415 ra.

1395 1419 1510 1489 cmg?
1519 1393 1669 1490 I{omersshpt
1689 1424 1835 1462 Armiger,
1855 1422 1920 1455 Vic’
1936 1426 1965 1455 iri
1981 1424 2073 1455 Com'
2093 1427 2273 1460 Monmouth.

1502 1469 1517 1489 e
1544 1469 1560 1490 e
1574 1469 1605 1490 ut
1634 1471 1709 1498 upra.

1392 1496 1557 1567 cuminam
1574 1501 1667 1568 Hezne
1685 1500 1836 1539 Armiger,
1854 1499 1920 1531 Vic’
1932 1502 1961 1532 in
1977 1500 2069 1533 Com'
2081 1503 2277 1537 Northumbr'.

1494 1547 1509 1567 e
1535 1548 1552 1568 e
1569 1546 1599 1567 ut
1631 1549 1646 1568 u
1669 1549 1707 1570 ra.

1388 1548 1687 1646 Ricassukamgsbtgy
1703 1578 1857 1616 Armiger,
1875 1576 1942 1608 Vic'
1958 1579 1987 1608 in
2005 1577 2095 1610 Com’
2110 1581 2285 1621 Northamp’‚

1490 1625 1506 1645 e
1533 1624 1548 1644 C
1564 1624 1592 1645 Ut
1621 1627 1637 1646 U
1660 1627 1699 1646 l'a.

1388 1651 1504 1683 'Ilbomas
1520 1652 1590 1683 Holl
1605 1626 1758 1694 Arpmiger,
1774 1653 1843 1685 Vic’
1859 1656 1888 1685 in
1902 1653 1993 1685 Com’
2008 1654 2119 1694 Nmff'.

1457 1691 1546 1723 Teste
1559 1701 1589 1723 ut
1607 1692 1696 1731 supra.

1390 1730 1545 1760 Edvardus
1562 1731 1683 1762 Osborne
1699 1731 1805 1770 Miles,
1821 1730 1888 1762 Vic'
1906 1734 1935 1762 in
1951 1730 2042 1763 Com'
2058 1733 2155 1764 Nott’.

1458 1769 1548 1800 Teste
1563 1778 1594 1800 ut
1608 1771 1695 1809 supra.

1387 1811 1517 1845 Georgius
1529 1811 1639 1847 Symons
1656 1808 1758 1848 Miles,
1777 1807 1844 1840 Vic’
1863 1810 1893 1840 in
1911 1808 2001 1840 Com’
2020 1809 2123 1840 Oxon'.

1457 1847 1547 1877 Teste
1564 1856 1594 1878 ut
1607 1849 1697 1886 supra.

1388 1886 1475 1917 Guido
1497 1885 1608 1916 Palmes
1626 1886 1714 1918 Miles
1727 1909 1737 1926 ,
1753 1885 1820 1917 Vic’
1832 1886 1863 1917 in
1877 1885 1967 1917 Com'
1980 1886 2087 1918 Rotel'.

1465 1924 1555 1956 Teste
1571 1934 1601 1956 ut
1617 1926 1705 1963 supra.

1389 1962 1548 2032 Frarglqstdos
1562 1963 1710 2034 Chasrleton
1724 1963 1858 2004 Armiger
1871 1987 1881 2003 ,
1907 1962 1974 1995 Vic'
1991 1964 2019 1994 in
2040 1962 2129 1995 Com’
2145 1966 2245 2006 Salop’.

1491 2012 1507 2032 e
1534 2014 1549 2034 e
1563 2012 1595 2034 ut
1622 2014 1637 2033 u
1660 2014 1695 2034 ra.

1393 2040 1538 2110 Robe'rIfufi
1552 2013 1674 2082 Phelspsss
1697 2041 1803 2081 Miles,
1820 2041 1888 2073 Vic'
1902 2042 1932 2071 in
1947 2040 2035 2072 Com’
2047 2041 2182 2082 Somers’.

1497 2090 1512 2110 e
1539 2091 1555 2111 e
1571 2089 1602 2111 ut
1621 2086 1648 2112 iu
1671 2091 1709 2112 ra.

1388 2118 1504 2149 Thomas
1522 2120 1620 2150 Perkes
1636 2091 1786 2158 Kimiger,
1805 2117 1872 2150 Vic’
1885 2119 1914 2149 in
1928 2116 2018 2149 Com’
2032 2119 2136 2158 Staff'.

1453 2156 1544 2188 Teste
1562 2167 1592 2189 ut
1605 2158 1692 2195 supra.

1385 2195 1498 2226 Samuel
1511 2195 1655 2235 Aylemore
1670 2197 1823 2236 Armiger,
1840 2195 1907 2227 Vic'
1924 2197 1954 2226 in
1969 2194 2060 2227 Com’
2075 2195 2162 2235 Suff'.

1453 2235 1543 2265 Teste
1563 2244 1593 2266 ut
1610 2235 1699 2272 supra.

1385 2273 1495 2342 Dangfl
1504 2275 1627 2343 garta?
1641 2274 1746 2314 Miles,
1765 2273 1830 2305 Vic’
1847 2274 1877 2304 iri
1896 2272 1987 2304 Com'
2003 2273 2187 2312 Southampt'.

1487 2321 1502 2342 e
1529 2323 1544 2343 e
1559 2322 1591 2345 ut
1617 2323 1633 2343 u
1657 2323 1694 2344 ra.

1383 2351 1538 2420 Eddeiir
1556 2322 1668 2420 Alfsorpd
1680 2352 1833 2391 Armiger,
1851 2350 1918 2382 Vic'
1932 2352 1963 2382 in
1980 2349 2072 2382 Com’
2086 2351 2166 2381 Surr'
2179 2352 2214 2383 &
2228 2350 2337 2391 Suffix’.

1485 2400 1500 2420 e
1528 2400 1543 2421 e
1558 2401 1590 2422 ut
1618 2401 1634 2420 u
1657 2401 1694 2421 ra.

1389 2427 1533 2466 Johannes
1546 2401 1655 2467 Mayorft>
1667 2429 1815 2469 Armiger,
1834 2428 1902 2460 Vic’
1918 2430 1948 2459 in
1965 2428 2058 2459 Com’
2070 2427 2180 2456 Warr’.'

1450 2467 1539 2498 Teste
1557 2477 1587 2499 ut
1604 2468 1692 2506 supra.

1389 2505 1532 2536 Walterus
1548 2510 1700 2537 Devereux
1715 2505 1898 2543 Baronettus,
1915 2503 1982 2535 Vic’
1996 2505 2026 2534 in
2039 2502 2129 2534 Com'
2145 2506 2274 2543 Wigorn'.

1447 2545 1536 2576 Teste
1551 2554 1583 2577 ut
1597 2545 1686 2583 supra.

1378 2582 1535 2652 Fran'iifisi‘s
1551 2588 1659 2652 SeJimor
1675 2581 1786 2620 Miles,
1804 2580 1871 2612 Vic’
1884 2581 1915 2611 in
1930 2580 2022 2611 Com'
2037 2579 2130 2611 Wilts.

1605 2633 1621 2652 U
1644 2632 1681 2652 Ta.

1379 2631 1542 2691 Williefmues
1549 2631 1685 2699 ntGrijgi'th
1708 2659 1741 2689 de
1753 2663 1777 2688 T
1775 2657 1930 2697 revarthyn
1943 2657 2081 2697 Armiger
2089 2681 2100 2697 ,
2118 2657 2188 2690 Vic'
2202 2659 2231 2690 in
2244 2659 2335 2691 Com'
2348 2662 2417 2691 An-

1338 2699 1396 2738 gles
1402 2700 1414 2730 '.

1446 2737 1533 2770 Teste
1548 2746 1579 2769 ut
1593 2737 1683 2777 supra.

1375 2776 1492 2808 Thomas
1509 2776 1643 2807 Willt‘ams
1657 2776 1839 2814 Batonettus,
1858 2774 1925 2807 Vic’
1938 2775 1968 2805 in
1985 2772 2074 2806 Com’
2094 2776 2283 2807 Carnarvon‘.

1448 2815 1536 2846 Teste
1553 2824 1583 2846 ut
1597 2816 1685 2853 supra.

1375 2853 1535 2885 Willielmus
1557 2853 1692 2892 Vaughan
1706 2853 1860 2892 Armiger,
1877 2850 1944 2883 Vic’
1957 2852 1987 2882 in
2006 2851 2095 2883 Com'
2113 2855 2290 2886 Merioneth‘.

1450 2893 1539 2924 Teste
1552 2901 1583 2924 ut
1597 2893 1683 2932 supra.
1908 2929 1913 2934 ²

1377 2932 1398 2952 ²*
1417 2931 1534 2961 Thomas
1547 2933 1685 2962 Brereton
1701 2929 1808 2969 Miles,
1826 2927 1892 2960 Vic‘
1906 2939 1937 2960 in
1952 2927 2046 2960 Com’
2059 2929 2155 2960 Flins’.

1444 2970 1535 3002 Teste
1550 2979 1580 3001 ut
1595 2971 1684 3008 supra.

1378 3008 1635 3078 Geor'ffiuhBoJlofk
1652 3008 1804 3047 Armiger,
1819 3004 1887 3037 Vic’
1904 3006 1934 3037 in
1947 3005 2036 3038 Com'
2050 3007 2196 3046 Denbigh’.

1479 3059 1494 3079 e
1521 3058 1536 3077 e
1552 3057 1583 3078 ut
1614 3058 1629 3078 u
1653 3058 1690 3078 ra.

1378 3086 1517 3118 Rolandus
1531 3086 1613 3125 Jugh
1629 3057 1779 3123 Armiger,
1797 3082 1863 3115 Vic’
1881 3085 1910 3114 in
1930 3083 2022 3115 Com’
2039 3086 2230 3123 Montgomer‘.

1446 3124 1536 3155 Teste
1552 3134 1581 3155 ut
1596 3125 1683 3164 supra.

2429 2951 2536 2987 *xvn

2427 2993 2493 3028 650.

1374 3163 1511 3195 Walterus
1526 3162 1658 3202 Vaughan
1672 3163 1824 3202 Armiger,
1843 3160 1906 3193 Vic'
1922 3161 1953 3192 in
1969 3160 2059 3192 Com'
2071 3162 2276 3194 Carmarthen'.

1442 3202 1533 3232 Teste
1547 3211 1578 3232 ut
1593 3203 1680 3236 supra.

1374 3239 1529 3280 Johannes
1538 3240 1666 3278 Loughor
1678 3240 1826 3279 Armiger,
1843 3235 1912 3269 Vic’
1927 3238 1959 3268 in
1973 3236 2065 3268 Com'
2084 3237 2203 3270 Pembr‘.

1444 3279 1535 3310 Teste
1551 3288 1582 3311 ur
1602 3280 1688 3318 supra.

1375 3318 1492 3349 Thomas
1506 3319 1582 3348 Price
1599 3319 1748 3357 Armiger,
1765 3315 1832 3347 Vic’
1845 3316 1873 3345 in
1888 3313 1978 3345 Com’
1991 3314 2152 3353 Cardigan’.

1375 3355 1541 3426 Willgffitaes
1549 3357 1708 3425 Ἑαξῖῧὶῗὲὸ
1724 3393 1853 3432 Armiger
1863 3414 1873 3432 ,
1894 3390 1960 3423 Vic'
1976 3392 2006 3422 in
2021 3391 2112 3423 Com’
2126 3392 2309 3431 Glamorgan'.

1443 3433 1533 3464 Teste
1546 3441 1579 3464 ut
1589 3433 1676 3471 supra.

1373 3472 1491 3504 Watkin
1507 3471 1637 3510 Vaughan
1654 3472 1805 3509 Armiger,
1822 3467 1889 3501 Vic’
1902 3470 1931 3501 in
1947 3468 2039 3501 Com’
2052 3468 2223 3500 Brecknock’.

1441 3510 1528 3541 Teste
1545 3519 1577 3541 ut
1595 3511 1683 3548 supra.

1376 3552 1496 3581 Evanus
1517 3549 1648 3587 Vaughan
1664 3549 1813 3588 Armiger,
1831 3547 1894 3579 Vic’
1909 3548 1938 3579 in
1952 3547 2044 3579 Com’
2055 3543 2187 3576 Radnor'.

1442 3587 1533 3619 Teste
1546 3597 1578 3618 ut
1592 3588 1679 3627 supra.

1334 3667 1353 3698 d
1373 3626 1551 3696 (giiipililrei
1553 3627 1664 3694 1&iteras
1679 3627 1810 3659 Parentes
1823 3625 1910 3657 habet
1927 3621 2076 3663 Gervafius
2084 3619 2240 3651 Markham
2254 3622 2403 3664 Armiger,

1354 3677 1370 3698 e
1437 3675 1466 3695 m
1522 3675 1537 3694 o
1576 3687 1583 3694 .

1391 3704 1482 3734 Teste
1503 3703 1586 3773 Rege
1597 3703 1671 3743 apud
1688 3700 1964 3747 Wstmonasterium,
1982 3708 2063 3729 nono
2077 3696 2136 3729 Die
2147 3680 2278 3745 'Apriliu-

1586 3743 1666 3773 iteras
1679 3742 1809 3776 Patent&
1823 3742 1910 3772 habet
1922 3737 2076 3769 Timotheus
2094 3737 2182 3776 Pufi‘y
2196 3738 2331 3778 Armiger
2340 3762 2351 3780 ,
2364 3740 2401 3773 de

1374 3857 1546 3889 Confirmles
1574 3859 1681 3890 Literas
1705 3859 1834 3888 Patentes
1856 3856 1940 3887 habet
1962 3852 2095 3884 Rieardus
2116 3852 2209 3884 Blunt
2231 3853 2319 3887 Miles
2332 3879 2343 3895 ‚
2366 3855 2403 3889 de

235 3899 389 3940 Confimiles
411 3903 524 3931 Literas
539 3905 670 3932 Potentes
685 3903 789 3933 habent
803 3907 830 3932 V
831 3902 931 3934 iceeom’
939 3900 1087 3942 fitbfcript'
1102 3900 1135 3931 de
1149 3900 1297 3942 Corn'sib·¹
1337 3896 1430 3930 Com'
1445 3897 1545 3927 Oxon'·

338 3938 422 3978 firip’
441 3939 479 3975 όν
499 3940 532 3970 de
546 3941 605 3972 dat’
616 3941 788 3982 infrascript'
803 3946 832 3974 in
836 3941 936 3981 forma
942 3941 1114 3982 ficpradidl',
1133 3940 1191 3973 viz.

1375 3934 1465 3969 Teste
1482 3934 1567 3976 Rege
1580 3935 1656 3977 apud
1668 3934 1813 3973 Reuding,
1827 3933 1948 3965 decimo
1964 3930 2073 3963 eosve
2091 3928 2151 3962 Die
2164 3931 2408 4002 Novembris-elm-
