2536 4255
109 190 243 223 Animi).

132 230 219 260 5628.

111 274 164 297 An.
183 279 212 304 4.

111 312 175 336 Car.
200 316 225 334 r.

117 1985 135 2003 ¹
155 1985 238 2015 XIX.

118 2033 164 2060 57·

253 124 309 168 34⁴

741 96 1551 151 CONVENTIONES,'

1628 99 2036 155 LITERAE,

291 196 437 237 Johannes
458 192 565 230 mod,
592 189 740 229 Clericus,
760 189 797 221 A.
816 188 864 220 M.
881 197 999 220 necnon
1020 187 1192 227 Capellanus
1205 188 1318 220 Preno-
1357 185 1500 223 Neighton
1519 187 1652 219 Diocefis
1679 187 1881 233 Wirztonienfir
1903 187 2006 225 (modo
2030 196 2092 217 non
2112 187 2196 220 distet
2215 197 2231 220 a
2243 186 2358 221 Vicaria
2372 196 2435 229 pre·
2455 178 2536 223 Annii

256 239 319 268 bilis
335 236 388 266 viri
403 236 518 263 Henrici
534 230 659 261 Comitis
674 233 772 260 Dover
782 236 831 267 ‚ut
849 238 904 259 una
914 237 985 259 cum
999 226 1111 259 Vicaria
1126 235 1257 268 perpetua
1269 226 1327 257 Ec-

259 276 340 307 clesie
356 271 525 304 Parochialis
538 269 574 300 de
586 268 725 307 Rougham
741 267 872 300 Diocefis
885 266 1069 306 Norwicenfis
1088 268 1186 305 (quam
1196 267 1256 304 jam
1272 266 1327 295 ob-

260 314 344 349 tinet)
365 311 510 342 Vicariarn
530 317 695 346 perpetuam
709 306 838 339 Ecclesie
850 306 1021 337 Parochialis
1033 305 1069 336 de
1083 307 1189 345 Geyton
1199 305 1223 343 ej
1228 303 1325 336 usdem

256 351 386 384 Diocesis
407 349 510 388 (modo
533 357 593 378 non
615 346 698 377 distet
720 357 736 377 a
750 346 839 383 priori
852 344 966 376 Vicaria
977 345 1048 376 ultra
1064 344 1108 374 sex
1124 343 1268 380 Milliaria)
1282 352 1328 372 re—

256 393 351 427 cipere
376 387 459 426 poffit
476 410 486 426 ‚
511 387 544 417 ὃς
571 385 667 424 quoad
688 385 789 416 vixerit
809 385 938 416 retinere.
956 383 1023 415 Dat'
1044 383 1160 414 decimo
1182 382 1261 413 sexto
1281 380 1327 411 die

260 428 370 460 Mensis
386 427 484 464 Junii,
503 426 594 456 Anno
609 423 735 455 Domini
757 423 851 460 1628,
872 424 905 455 ὃς
920 422 1124 454 Transsationis
1139 421 1230 452 Anno
1253 420 1299 451 18.

292 465 496 543 Corciilfirthio.
512 463 604 495 Teste
622 462 705 504 Rege
721 462 796 502 apud
813 461 1079 502 bWstmonallerium
1091 482 1102 499 ,
1127 459 1244 490 decimo
1267 458 1328 496 sep-

253 515 330 538 timo
366 515 393 535 le
439 515 506 535 unu.

295 583 413 614 Elizeus
427 585 548 620 Burges‚
568 580 716 619 Clericus,
732 579 763 610 S.
781 577 822 610 T.
838 578 869 609 B.
889 586 921 610 ut
938 588 994 608 una
1009 574 1210 621 curn-Vicaria
1226 584 1328 619 perpe-

257 631 306 654 tua
328 622 456 654 Ecclefie
479 620 652 652 Parochialis
666 619 763 650 Sancti
780 615 911 656 Nicholai
934 617 1005 647 infra
1022 614 1180 646 Civitatem
1200 614 1234 645 ὅ(
1251 612 1328 643 1)ιο-

256 661 344 694 celim
363 658 513 700 Roffenftm
527 661 628 698 (quarn
639 659 700 697 jam
714 655 839 693 obtinet]
857 656 1026 686 Recioriam
1043 652 1170 684 Ecclesie
1188 652 1328 697 Parochi-

257 702 307 732 alis
326 701 363 732 de
379 699 544 740 Southfleete
562 698 686 737 ejusdem
708 696 839 727 Diocesis
865 694 970 730 (modo
994 703 1055 724 non
1078 691 1161 723 distet
1183 691 1326 736 aVicaria

257 740 383 780 predic‘ia
399 740 469 771 ultra
483 739 584 770 decem
603 735 747 773 Milliaria)
765 735 892 776 recipere
907 731 992 770 possit
1009 732 1043 763 &
1057 730 1150 769 quoad
1168 738 1269 775 vixerit
1284 741 1328 762 re-

258 781 356 811 tinere.
367 778 434 810 Dat'
449 779 566 811 decimo
581 776 701 814 septimo
709 775 754 805 die
762 773 871 805 Mentis
883 771 968 811 Junii
977 794 987 809 ,
1003 770 1094 801 Anno
1103 768 1227 800 Domini
1239 770 1328 809 1628,

258 819 292 850 ὅ(
311 818 517 849 Transsationis
537 816 626 846 Anno
650 814 695 845 18.
1026 851 1030 855 1
1176 847 1181 853 ,

299 857 502 889 Confirmatio.
524 854 614 887 Teste
629 852 712 893 Rege
727 850 801 892 apud
817 847 1075 896 Westmonastermm
1088 870 1099 886 ,
1116 846 1235 880 decimo
1250 846 1331 880 oeta-

258 907 299 930 vo
320 897 365 928 die
383 895 480 936 Junii.

297 973 461 1006 Willielmus
483 971 575 1003 Dilloy.
593 995 602 1009 ,
622 969 770 1006 Clericus,
790 964 825 997 L.
844 966 881 996 L.
900 964 933 996 B.
952 973 1068 996 necnon
1087 962 1256 1002 Capelianus
1274 963 1332 994 ho-

260 1014 380 1046 norandi
405 1014 457 1044 viri
477 1009 595 1051 Baptisti
616 1007 804 1039 vicecomitis
823 1004 959 1035 cambden
972 1026 982 1042 ,
1002 1011 1033 1047 ut
1050 1012 1105 1034 una
1129 1012 1198 1033 curn
1219 1001 1330 1034 Vicaria

258 1062 395 1092 perpetua
412 1051 547 1082 Ecclesiae
566 1046 736 1079 Parochialis
754 1045 788 1076 de
805 1041 1105 1086 SteventonhDiocefis
1118 1044 1215 1071 Sarum
1230 1043 1329 1080 (quarn

258 1094 313 1131 jam
334 1092 458 1126 obtinet)
480 1089 648 1120 Renoriam
668 1084 792 1116 Ecclesie
811 1081 984 1113 Parochialis
1004 1080 1041 1111 de
1062 1079 1200 1120 Effenden
1219 1080 1332 1111 Dioce-

260 1131 293 1162 fis
311 1129 471 1169 Oxoniensis
492 1126 595 1167 (modo
621 1135 680 1155 nori
708 1122 792 1153 distet
817 1132 832 1151 a
851 1120 964 1152 vicaria
982 1119 1110 1164 prediiia
1128 1119 1200 1151 ultra
1219 1119 1331 1151 duode-

260 1171 321 1201 cim
342 1168 487 1203 Milliaria')
506 1167 628 1203 recipere
648 1162 752 1202 poffir,
769 1162 802 1193 &
841 1159 913 1191 uoad
931 1160 1030 1191 vixerit
1048 1168 1175 1190 retinere.
1195 1159 1266 1190 Dat’
1285 1160 1327 1189 vi-

261 1209 368 1240 cesimo
386 1209 431 1239 dre
452 1205 560 1238 Mensis
578 1203 680 1243 Junii‚
702 1202 789 1233 Anno
845 1199 935 1230 omini
958 1198 1032 1230 1628
1044 1221 1054 1236 ,
1072 1199 1106 1229 ὃς
1125 1195 1331 1229 Transsationis

261 1248 503 1317 A‘anliizmatio.
521 1281 609 1314 Teste
628 1280 713 1320 Rege
727 1277 802 1317 apud
817 1274 1083 1317 westmonasterium
1096 1297 1106 1314 ,
1132 1275 1271 1308 vicesimo
1285 1276 1332 1308 die

259 1325 353 1365 Junii.

299 1402 480 1440 Bcnjaminur
495 1398 642 1428 Barwicke
652 1420 660 1435 ,
680 1396 812 1427 Clericus
822 1419 831 1430 ,
851 1394 886 1424 Α.
897 1392 944 1424 M.
961 1401 1077 1424 necnon
1092 1389 1261 1436 Capelianus
1275 1391 1332 1421 ho—

260 1441 434 1474 noraniiiviri
451 1437 594 1476 Johannis
621 1437 742 1466 Domini
765 1432 891 1470 minan,
910 1441 941 1464 ut
956 1442 1010 1462 una
1019 1440 1090 1462 cum
1099 1430 1212 1460 vicaria
1229 1439 1331 1474 perpe-

259 1490 308 1512 tua
334 1478 461 1509 Ecclesie
486 1475 656 1507 Parochialis
682 1474 719 1504 de
737 1472 902 1510 Didlington
931 1479 1001 1514 cum
1024 1468 1169 1508 colveston
1197 1468 1331 1512 Diocelis

261 1518 460 1556 Norwstenſss,
481 1515 653 1546 Rerfmriam
673 1512 799 1544 Ecclel'ie
819 1509 993 1541 Parochialis
1006 1507 1131 1552 delfVest
1146 1506 1331 1552 Toftsaejus-

260 1557 327 1587 dem
349 1553 476 1587 Diocesis
497 1554 601 1592 (modo
620 1562 681 1583 non
699 1552 782 1582 distet
810 1560 824 1580 a
840 1548 954 1592 Vicaria
972 1546 1098 1591 prediCia
1116 1546 1186 1577 ultra
1205 1556 1332 1591 quinque

263 1596 408 1627 Milliariau
426 1594 550 1631 recipere
565 1591 666 1631 possit,
685 1591 718 1621 &
736 1589 829 1628 quoad
844 1588 945 1619 vixerit
959 1594 1088 1616 retinere.
1107 1584 1174 1615 Dat'
1191 1585 1330 1617 vicesimo

261 1636 383 1672 septimo
402 1634 448 1665 dic
470 1632 578 1664 Mensis
594 1631 679 1670 Junii
694 1629 783 1660 Anno
801 1626 925 1659 Domini
945 1625 1021 1656 1628
1037 1647 1048 1664 ‚
1074 1625 1109 1656 &
1127 1623 1334 1656 Transsationis

260 1675 502 1744 Atggiisiffmatio.
516 1708 607 1741 Teste
623 1706 706 1747 Rege
718 1705 792 1746 apud
802 1702 1080 1745 {Wstmonasterium‚
1097 1701 1238 1734 vicefimo
1253 1701 1335 1733 ocra-

262 1763 302 1786 νο
320 1752 368 1786 die
385 1751 488 1791 Junii..

303 1829 465 1862 Edwardus
481 1827 563 1865 Pele,
582 1825 730 1862 Clericus,
750 1822 787 1854 A.
802 1820 850 1853 M.
868 1830 986 1853 necnon
1005 1818 1176 1864 Capelianus
1193 1816 1339 1850 honoran-

266 1870 304 1900 dc
322 1869 428 1900 femine
440 1868 523 1897 Anne
534 1865 665 1895 Domine
683 1861 855 1899 Delaware,
874 1869 907 1893 ut
922 1870 976 1891 una
990 1868 1061 1890 cum
1079 1858 1190 1902 vicaria
1223 1866 1337 1896 erpetua

266 1908 395 1940 Ecclesie
419 1905 592 1938 Parochialis
619 1902 655 1933 de
673 1902 840 1939 Fordington
859 1900 931 1930 infra
946 1897 1186 1937 Jurisdidhonem
1239 1906 1340 1941 ecana-

267 1956 312 1978 tus
331 1947 366 1977 de
383 1950 482 1976 Sarum
495 1942 684 1976 &Diocesim
692 1939 806 1980 Brilloll
824 1942 924 1977 (quarn
939 1939 1001 1976 jam
1019 1936 1144 1973 obtinet)
1166 1934 1340 1980 Re&onam

270 1985 397 2017 Ecclesie
415 1985 450 2016 de
469 1987 597 2023 Compton
615 1979 746 2017 Valence‚
764 1978 888 2017 ejusdem
906 1976 1037 2007 Diocefis
1058 1975 1077 1994 *⁹
1099 1974 1203 2012 (modo
1221 1984 1283 2005 non
1298 1974 1341 2005 di-

270 2025 324 2056 stet
344 2035 359 2056 a
379 2024 493 2055 Vicaria
509 2021 633 2059 predicia
651 2019 722 2049 ultra
737 2018 780 2049 sex
794 2016 937 2052 Milliaria)
958 2016 1084 2053 recipere
1098 2013 1201 2053 possit,
1218 2014 1253 2045 &
1266 2023 1341 2052 quo-

267 2065 302 2096 ad
321 2065 423 2096 vixerit
444 2063 572 2095 retinere.
590 2058 660 2089 Dat’
677 2057 815 2088 vicesimo
833 2056 909 2086 seXto
928 2054 973 2085 die
996 2053 1106 2085 Mensis
1123 2052 1208 2090 Jum‘i
1220 2076 1231 2092 ,
1251 2052 1339 2083 Anno

270 2104 394 2134 Domini
419 2102 512 2139 1628,
531 2101 564 2131 &
583 2096 790 2128 Transsationis
806 2095 893 2126 Anno
916 2094 961 2123 18.
1150 2130 1156 2136 ⁵

304 2141 510 2173 Confirmatio.
528 2136 617 2170 Teste
634 2135 720 2173 Rege
735 2134 810 2173 apud
831 2130 1110 2171 Wstmonasterium,
1127 2128 1266 2162 Vicesimo
1282 2128 1342 2162 sex-

268 2188 299 2213 to
315 2181 360 2211 die
375 2180 471 2220 Junii.

308 2262 438 2296 Georgius
452 2255 605 2293 stanhope,
625 2253 654 2283 S.
672 2252 712 2283 T.
728 2251 763 2282 P.
783 2259 899 2281 necnon
916 2247 1090 2279 Sereniffimi
1109 2247 1234 2278 Domini
1253 2246 1343 2287 Regis

270 2298 510 2337 cappellanorum
529 2293 749 2323 ordinariorum
766 2300 854 2325 unus,
871 2297 902 2319 ut
921 2298 976 2318 una
991 2296 1061 2317 cum
1079 2286 1191 2317 Vicaria
1210 2295 1343 2324 perpetua

271 2337 398 2367 Ecclelie
421 2333 592 2366 Parochialis
616 2332 652 2361 de
679 2333 788 2359 Burton
814 2331 909 2364 Agnes
937 2325 1071 2357 Diocesis
1095 2325 1217 2355 Eburum
1243 2325 1342 2363 (quam

267 2378 326 2415 jam
343 2375 465 2410 obtinet)
488 2371 658 2403 Reetoriim
685 2367 810 2399 Ecclesie
829 2365 1001 2396 Parochialis
1023 2365 1059 2396 de
1077 2363 1244 2394 Wheldrakr·
1271 2363 1343 2402 ejus-

272 2415 339 2445 dem
361 2413 492 2444 Diocesis
513 2411 546 2441 acl
566 2418 651 2447 quam
671 2407 840 2445 presentatus
857 2404 898 2434 est
914 2428 924 2444 ‚
942 2403 1047 2441 (modo
1066 2413 1127 2433 non
1147 2402 1231 2433 distet
1251 2413 1267 2433 a
1289 2403 1341 2433 Vi-

273 2456 344 2485 caria
363 2453 486 2490 preditis
513 2450 583 2479 ultra
605 2447 705 2485 viginti
730 2447 763 2476 δε
789 2452 908 2482 quatuor
930 2442 1076 2477 Milliaria)
1097 2443 1222 2479 recipere
1241 2441 1344 2479 poffit,

273 2495 306 2525 &
331 2491 423 2531 quoad
448 2489 550 2520 vixerit
575 2487 704 2517 retinere.
726 2484 794 2514 Dat'
812 2481 938 2513 secundo
964 2481 1011 2511 die
1031 2480 1140 2511 Mensis
1157 2479 1236 2519 Julii
1255 2482 1345 2511 Anno

274 2532 398 2563 Domini
424 2529 517 2564 1628,
537 2529 569 2557 ἃ
587 2523 793 2555 Transsationis
812 2521 900 2551 Anno
922 2520 963 2550 18.

311 2568 517 2600 Confirmatio.
532 2564 623 2596 Teste
641 2563 728 2601 Rege
751 2560 825 2600 apud
844 2558 1105 2600 Wstmonasterium
1120 2580 1131 2596 ‚
1154 2556 1282 2589 secundo
1301 2558 1347 2589 die

273 2609 356 2649 Julii.

314 2686 447 2716 Robertus
465 2681 573 2721 Lloyd,
590 2678 737 2715 Clericus,
756 2676 975 2707 A.M.necnon
991 2674 1164 2712 Capelianus
1178 2673 1345 2705 Reverendi

276 2727 308 2757 in
323 2723 441 2755 Christo
456 2722 544 2753 Petris
559 2717 701 2758 Johannis
718 2714 894 2755 Affizphenfir
908 2714 1061 2751 Episcopi,
1080 2722 1111 2744 ut
1127 2723 1183 2744 una
1201 2723 1272 2743 curn
1291 2713 1346 2743 Vi-

277 2765 351 2796 caria
374 2770 506 2801 perpetua
525 2757 653 2789 Ecclesie
675 2753 848 2786 Parochialis
869 2752 1002 2784 de2Llan
1016 2755 1070 2782 Roo
1111 2751 1243 2782 Diocefis
1257 2749 1346 2790 Affli-

295 2803 381 2844 henfir
395 2803 490 2839 (quam
507 2799 564 2834 iam
577 2794 700 2831 obtinet)
718 2793 859 2824 Vicariam
878 2800 1042 2830 perpetuam
1078 2790 1177 2821 eclesie
1191 2789 1346 2820 Parochia-

272 2813 311 2874 Τίς
327 2844 362 2873 de
377 2845 477 2871 Bettus
491 2834 614 2876 ejusdem
630 2832 758 2864 Diocesis
779 2830 882 2868 (modo
901 2840 961 2860 non
977 2828 1061 2860 distet
1075 2839 1090 2859 a
1105 2830 1194 2867 priori
1210 2828 1281 2860 ultra
1295 2828 1346 2859 de-

279 2891 347 2912 cem
364 2877 509 2914 Milliaria)
527 2876 649 2912 recipere
666 2870 769 2910 possit,
788 2871 820 2903 &
838 2870 932 2908 quoad
947 2869 1046 2912 vixerit
1061 2870 1190 2898 retinere.
1216 2867 1285 2897 Dat'
1297 2867 1347 2898 de-

280 2922 362 2952 cimo
376 2926 477 2956 quarto
493 2916 539 2945 die
558 2912 665 2944 Mensis
677 2908 796 2949 Augusti
807 2909 895 2939 Anno
909 2907 1036 2938 Domini
1059 2907 1146 2945 1628,
1165 2906 1198 2938 &
1212 2905 1346 2938 Transsa-

278 2954 626 3027 noCldnliiiiiigtiffTeste
642 2988 726 3027 Rege
744 2987 818 3026 apud
839 2983 1099 3025 lsmstmonfflerium
1112 3007 1122 3023 ,
1148 2985 1250 3024 quinto
1273 2983 1352 3016 deci-

282 3045 335 3067 mo
353 3035 398 3066 die
414 3031 541 3071 Augusti.

322 3112 468 3152 Johamies
484 3107 574 3147 Kiffin
591 3129 600 3144 ‚
626 3105 757 3136 Clericus
770 3126 779 3141 ,
798 3102 834 3133 A.
858 3103 905 3133 M.
926 3111 1042 3132 necnon
1062 3101 1234 3139 Capelianus
1249 3111 1355 3139 preno-

285 3153 347 3183 bilis
364 3151 418 3182 viri
431 3149 528 3179 Thome
538 3145 661 3176 Comitis
669 3142 806 3181 Saffialcie,
823 3150 853 3172 ut
867 3151 923 3172 una
940 3150 1009 3171 cum
1027 3140 1136 3170 Vicaria
1150 3148 1283 3178 perpetua
1296 3141 1355 3171 Ec-

286 3191 370 3222 clesie
384 3186 558 3219 Parochmlis
580 3184 615 3213 de
638 3181 821 3221 Oswaldsrree
836 3179 965 3210 Dioccsis
981 3177 1157 3219 Affizphenfit
1182 3181 1282 3217 (quam
1294 3180 1355 3216 jam

288 3230 411 3265 obtinet)
439 3225 608 3257 Rectoriam
632 3220 757 3251 Ecclesie
784 3218 954 3250 Parochialis
976 3218 1010 3249 de
1037 3216 1212 3247 Llanarmon
1235 3218 1356 3258 Djffiyn

289 3272 390 3305 Keriog
405 3265 530 3304 ejusdem
544 3260 676 3292 Diocefis
694 3258 796 3296 (modo
814 3267 875 3286 non
889 3255 972 3286 distet
986 3266 1001 3286 a
1014 3255 1128 3286 Vicaria
1147 3255 1272 3295 predieoe
1286 3256 1358 3287 ultra

292 3308 394 3337 decem
412 3302 557 3338 Milliaria)
575 3300 698 3335 recipere
714 3295 800 3334 possit
816 3319 826 3334 2
851 3297 884 3326 δε
900 3295 994 3334 quoad
1012 3296 1111 3324 vixerit
1125 3295 1253 3325 retinere.
1289 3294 1360 3325 Dat'

292 3346 398 3376 ultimo
426 3344 471 3374 die
501 3339 608 3373 Mensis
630 3337 705 3376 Julii
731 3335 820 3366 Anno
845 3333 972 3365 Domini
996 3334 1081 3364 1628.
1102 3333 1135 3364 δί
1158 3332 1361 3363 Transsationis

293 3383 634 3453 AtZZiniixffimrioTeste
648 3413 735 3452 Rege
748 3411 823 3450 apud
838 3410 967 3449 Canbury
976 3409 1127 3441 .vicesimo
1141 3419 1223 3441 nono
1238 3409 1284 3441 die
1297 3413 1362 3440 Au-

292 3461 372 3502 gusti.

336 3537 403 3569 Chri
427 3534 538 3576 opherus
547 3531 639 3569 Dale,
658 3529 805 3565 Clericus,
823 3526 852 3557 S
862 3525 902 3556 T.
922 3525 954 3555 B.
973 3534 1003 3556 ut
1019 3537 1074 3557 una
1090 3536 1160 3571 cum
1168 3508 1285 3558 ¹Vicaria
1320 3537 1364 3558 er-

301 3587 385 3617 petua
427 3573 531 3606 eclesie
544 3569 717 3603 Parochialis
734 3568 770 3598 de
790 3570 873 3596 Samt
895 3565 1064 3603 Mareburgh
1085 3565 1218 3596 Diocesis
1234 3537 1329 3604 Roffezi
1341 3577 1364 3595 ις

304 3621 404 3655 (quam
420 3615 480 3653 jam
504 3609 628 3647 obtinet)
653 3607 821 3638 Re&oriam
844 3602 974 3634 Ecclesie
992 3602 1160 3634 Parochialis
1175 3603 1212 3633 de
1226 3603 1367 3642 Halflo-we

303 3655 431 3694 ejusdcm
454 3649 584 3682 Diocesis
605 3647 710 3685 (modo
734 3654 795 3675 non
816 3641 899 3673 distet
919 3651 942 3685 a.
960 3641 1071 3684 Vicaria
1087 3641 1213 3680 predicta
1229 3642 1300 3672 ultra
1316 3645 1367 3673 tria

306 3692 450 3725 Millisiria)
473 3690 598 3726 recipere
620 3685 706 3723 poffit
722 3706 732 3721 ,
755 3684 789 3715 &
805 3680 900 3719 quoad
915 3688 1016 3710 vixerit
1029 3681 1157 3710 retinere.
1177 3679 1246 3709 Dat'
1263 3682 1368 3711 tricesi-

307 3742 358 3762 mo
372 3731 416 3760 die
433 3727 542 3759 Mensis
559 3724 676 3764 Augusti
685 3722 794 3762 ,Anno
810 3720 934 3751 Domini
947 3719 1032 3748 1628.
1048 3720 1081 3749 ὃ(
1091 3717 1298 3749 Transsationis
1307 3719 1369 3750 An-

305 3769 548 3836 nOCIdiiiirmatio.
565 3801 657 3833 Teste
679 3799 765 3838 Rege
787 3797 863 3837 apud
883 3796 1012 3838 Canbury
1028 3818 1037 3834 ‚
1059 3794 1237 3826 duodecimo
1250 3794 1296 3826 die
1309 3799 1372 3834 Sep-

307 3846 427 3875 umbris.

347 3922 473 3956 Georgius
489 3920 595 3947 Vernon
632 3916 778 3952 Clericus,
798 3914 834 3944 Α.
852 3912 901 3943 Μ.
920 3922 1033 3944 necnon
1051 3910 1220 3950 Capellanus
1237 3911 1373 3949 prenobi-

308 3960 343 3990 lis
359 3959 465 3989 femine
481 3940 615 3992 Franczffb
632 3954 752 3984 Ducill'e
765 3952 919 3983 Richmond
932 3951 970 3987 (ἔν
982 3955 1100 3987 Lenox,
1119 3959 1149 3980 iit
1163 3960 1217 3980 una
1232 3959 1301 3980 cum
1318 3950 1370 3979 Vi-

310 3999 384 4029 caria
403 4005 450 4033 per
473 4002 535 4023 etua
558 3992 681 4022 Ecclesie
705 3992 879 4022 Parochialis
905 3990 942 4020 de
962 3990 1034 4028 lVest
1058 3988 1217 4026 Withering
1239 3987 1373 4018 Diocelis

309 4004 471 4075 Cisestrcnsg
491 4033 587 4068 (quam
604 4031 664 4067 jam
678 4030 800 4066 obtinet)
819 4029 990 4062 Rectoriam
1003 4028 1131 4060 Ecclelie
1147 4026 1319 4059 Parochialis
1333 4027 1368 4059 de

1364 224 1441 256 didra
1455 226 1526 257 ultra
1543 228 1646 264 viginti
1662 226 1806 264 Milliaria)
1824 236 1950 265 recipere
1964 225 2066 264 poffit,
2085 227 2119 258 ὃ(
2138 228 2232 265 quoad
2245 229 2346 259 vixerit
2369 228 2436 259 reti-
2478 225 2536 258 16zi

1366 273 1442 293 nere.
1462 263 1533 295 Dat'
1554 265 1673 297 decimo
1696 266 1802 297 ociavo
1826 266 1871 297 die
1891 264 2071 305 Septembris,
2091 264 2179 297 Anno
2194 265 2324 297 Domini
2347 267 2436 298 1628.
2457 266 2510 292 An.
2533 279 2536 295 ι

1367 303 1401 334 &
1416 301 1623 335 Transsationis
1638 304 1727 335 Anno
1745 306 1790 336 18.
2459 305 2534 332 Cara.

1368 339 1608 419 diffissfffnnsrtif‘
1623 342 1713 375 Teste
1734 343 1817 383 Rege
1832 343 1908 382 apud
1920 342 2184 385 Wllmonasterium
2194 365 2204 382 ,
2221 342 2340 376 decimo
2355 354 2438 376 nono

1409 457 1572 488 Edwardus
1584 457 1711 498 Wilfim,
1727 458 1876 498 Clericus,
1894 458 1923 490 S.
1938 460 1979 490 T.
1993 459 2024 491 Β.
2037 468 2069 492 ut
2082 469 2138 490 una
2153 468 2223 490 cum
2233 458 2374 492 Reeioria
2385 459 2444 492 Ec-
2496 476 2499 478 ·

1368 495 1452 539 clefie
1461 496 1632 541 Parochialis
1646 497 1683 527 de
1696 496 1871 537 Stonefi’ilde
1883 497 2013 529 Dioeefis
2027 498 2187 538 Oxonienfis
2199 499 2297 537 (quam
2310 498 2370 536 jam
2384 499 2442 529 ob-

1367 535 1450 571 tinet)
1471 535 1615 566 Vicariam
1631 544 1796 573 perpetuam
1812 537 1870 567 five
1884 538 2050 575 portionem
2059 538 2171 569 Vicarie
2186 545 2323 576 perpetue
2336 536 2442 568 Eccle-

1366 572 1404 603 fie
1422 573 1597 605 Parochialis
1615 573 1652 605 de
1670 578 1809 615 Bampton
1835 575 1960 613 ejusdem
1975 575 2106 607 Diocesis
2123 576 2228 611 (modo
2245 585 2305 606 non
2323 575 2406 606 distet
2424 585 2442 606 a

1367 610 1509 645 Re&oria
1533 613 1660 651 predicta
1685 614 1756 645 ultra
1780 613 1938 645 duodecim
1959 613 2104 650 Milliaria)
2125 615 2249 653 recipere
2266 614 2352 652 poffit
2367 638 2378 653 ‚
2406 614 2443 645 δὲ

1367 652 1462 689 quoad
1481 653 1582 684 vixerit
1602 654 1731 683 retinere.
1752 651 1820 683 Dat’
1839 651 1978 684 vicesimo
1991 652 2037 684 die
2056 652 2166 683 Mensis
2182 653 2361 692 Septembris,
2380 651 2443 684 An-

1366 698 1409 720 no
1427 689 1552 721 Domini
1572 690 1659 722 1628.
1679 692 1713 721 ὃς
1732 691 1936 723 Transsatioriis
1956 691 2044 722 Anno
2069 692 2114 722 18.

1370 727 1607 798 &gonfirmatia
1626 729 1716 762 Teste
1735 729 1819 771 Rege
1834 730 1908 769 apud
1927 730 2083 772 Winffirr,
2102 730 2239 763 vicesimo
2255 732 2303 763 die
2321 734 2441 772 Septem-

1378 878 1380 881 v
1408 843 1535 876 Michael
1552 844 1637 884 olid,
1655 845 1685 877 S.
1703 845 1743 877 T.
1762 846 1795 877 B.
1817 853 1849 878 ut
1867 857 1923 878 una
1938 855 2008 878 cum
2026 845 2139 878 Vicaria
2166 854 2299 884 perpetua
2314 846 2444 880 Ecclesie

1370 880 1596 928 Parochialisde
1614 884 1740 916 Newton
1760 885 1871 916 Valence
1892 885 2023 916 Diocefis
2041 886 2243 925 Wintonienfis
2267 888 2366 924 (quam
2380 886 2444 924 jam

1369 923 1497 960 obtinet)
1516 922 1659 954 Vicariam
1674 932 1838 961 perpetuam
1854 924 1983 955 Ecclesie
1997 924 2168 955 Parochialis
2180 924 2216 955 de
2230 925 2355 955 Ertham
2364 924 2442 955 Dio-

1370 960 1438 1006 cesis
1457 960 1621 1001 Cicestrenssx
1639 962 1743 1000 (modo
1761 972 1821 993 non
1844 962 1929 994 distet
1953 973 1968 993 a
1987 964 2073 1001 priori
2091 963 2164 994 ultra
2182 963 2352 994 oe'todecim
2368 962 2442 993 Mil-

1370 1000 1456 1038 liaria)
1474 1002 1599 1039 recipere
1617 1000 1718 1040 possit,
1736 1002 1769 1032 &
1788 1001 1885 1039 quoad
1902 1002 2001 1032 vixerit
2021 1003 2153 1034 retinere.
2192 1001 2260 1033 Dat'
2274 1002 2392 1033 decimo
2405 1011 2442 1032 o-

1370 1039 1457 1084 ctavo
1475 1039 1521 1109 dAie
1541 1039 1653 1111 Meigfis
1670 1039 1830 1080 Septembris
1845 1063 1856 1079 ‚
1881 1039 1969 1071 Anno
1990 1039 2117 1071 Domini
2145 1040 2231 1073 1628.
2252 1042 2286 1073 &
2307 1039 2443 1072 Transsa-

1371 1086 1457 1109 tionis
1505 1088 1566 1110 nno
1589 1089 1602 1109 1
1629 1103 1635 1109 .

1371 1159 1390 1186 S
1408 1116 1615 1187 Coniirmatio.
1639 1115 1730 1148 Teste
1756 1115 1840 1156 Rege
1857 1116 1933 1157 apud
1952 1116 2213 1158 Wstmonallerium
2229 1141 2239 1157 ,
2258 1118 2378 1150 decimo
2398 1117 2446 1150 die

1391 1163 1475 1196 eptem
1495 1160 1541 1188 ris.

1407 1233 1524 1264 Thomas
1536 1239 1645 1273 Crane,
1665 1233 1812 1272 Clericus,
1833 1233 1862 1264 S.
1883 1233 1923 1264 T.
1941 1231 1974 1263 B.
1993 1239 2025 1263 ut
2042 1242 2177 1264 unacum
2193 1231 2330 1264 Recstoria
2339 1233 2444 1266 Eccle-

1371 1272 1408 1303 sie
1435 1273 1610 1305 Parochialis
1636 1273 1671 1304 de
1696 1273 1879 1311 Sahamtoney
1906 1270 2038 1302 Diocefis
2056 1271 2239 1312 Norwicenfir
2271 1273 2369 1312 (quam
2383 1273 2446 1310 jam

1371 1311 1496 1348 obtinet)
1526 1312 1708 1343 medietatem
1734 1312 1872 1343 Rediorie
1890 1309 2017 1341 Ecclefie
2035 1311 2206 1342 Parochialis
2225 1310 2261 1341 de
2280 1309 2398 1341 Walton
2415 1315 2446 1343 in

1373 1349 1544 1388 Marlhland
1558 1351 1681 1389 ejusdem
1702 1350 1832 1382 Diocesis
1853 1349 1958 1387 (modo
1977 1359 2037 1380 non
2056 1349 2143 1381 distet
2166 1359 2182 1380 a
2201 1350 2288 1388 priori
2307 1349 2380 1381 ultra
2398 1351 2446 1380 vi-

1371 1389 1445 1428 ginti
1472 1389 1606 1421 Milliaria
1630 1390 1676 1421 vel
1695 1400 1732 1421 eo
1751 1389 1874 1426 circiter)
1895 1389 2020 1426 recipere
2037 1388 2123 1426 poffit
2136 1413 2146 1427 ,
2175 1388 2209 1420 &
2225 1388 2322 1427 quoad
2338 1389 2442 1420 vixerit

1371 1428 1501 1458 retinere.
1521 1428 1594 1460 Dat’
1607 1429 1744 1460 vicesimo
1763 1430 1781 1449 *²
1798 1429 1882 1459 tertio
1898 1427 1944 1458 dic
1959 1426 2071 1458 Mensis
2084 1427 2262 1467 Septembris,
2279 1425 2443 1459 AnnoDo-
2461 1427 2482 1449 ¹¹*
2493 1431 2534 1462 XI

1372 1467 1445 1496 mini
1467 1466 1552 1500 1628.
1573 1467 1823 1500 &Transsationis
1842 1466 1930 1497 Anno
1952 1466 1996 1497 18.
2457 1469 2507 1506 58,

1411 1504 1612 1537 Confirmatio.
1631 1506 1721 1538 Teste
1736 1507 1819 1544 Rege
1836 1504 1909 1544 apud
1929 1503 2211 1546 Wstmonafleriusn‚
2229 1504 2371 1536 vicesimo
2386 1510 2444 1537 ter-

1373 1545 1415 1575 tio
1432 1545 1479 1575 die
1495 1545 1666 1585 Septembris.

1411 1619 1546 1653 Robertus
1560 1621 1653 1662 Lloya'
1686 1621 1816 1653 Clericus
1831 1642 1840 1660 2
1859 1621 1896 1652 A.
1916 1618 1964 1651 Μ.
1980 1627 2097 1652 necnon
2111 1618 2282 1659 Capellanus
2297 1620 2447 1654 honoran-

1377 1661 1406 1692 di
1422 1663 1476 1693 viri
1516 1659 1629 1692 ohannis
1645 1647 1770 1692 Domini
1785 1658 1941 1697 Butler,ut
1953 1669 2008 1704 una
2023 1668 2091 1690 cum
2107 1657 2221 1690 Vicaria
2236 1669 2370 1700 perpetua
2386 1661 2447 1694 Ec-

1379 1700 1463 1731 clesie
1513 1700 1659 1745 arochialis
1684 1699 1720 1730 de
1739 1698 1900 1768 Llan-rooss
1918 1698 2048 1729 Diocesis
2068 1696 2246 1767 Affifpl38n‘sf
2268 1703 2368 1738 (quam
2384 1701 2448 1739 jam

1380 1740 1505 1775 obtinet)
1525 1739 1672 1770 Vicariam
1692 1747 1856 1777 perpetuam
1903 1737 2003 1769 eclesie
2018 1735 2191 1768 Parochialis
2225 1746 2241 1768 e
2257 1741 2362 1769 Bettus
2379 1740 2456 1778 ejus«

1380 1777 1448 1808 dem
1475 1778 1608 1809 Diocesis
1638 1778 1743 1817 (modo
1769 1786 1829 1807 non
1855 1775 1940 1807 distet
1964 1786 1979 1806 a
1997 1775 2084 1814 priori
2102 1774 2172 1805 ultra
2189 1775 2290 1806 decem
2307 1777 2450 1816 Milliaria)

1382 1817 1510 1855 recipere
1530 1817 1634 1857 possit,
1651 1817 1685 1847 &
1703 1816 1798 1855 quoad
1817 1816 1918 1847 vixerit
1936 1815 2066 1846 retinere.
2091 1812 2160 1844 Dat’
2177 1813 2254 1845 sexto
2278 1814 2325 1847 die
2342 1815 2456 1848 Mensis

1382 1856 1523 1894 cerebris,
1543 1855 1630 1886 Anno
1650 1855 1775 1885 Domini
1798 1855 1883 1885 1628.
1903 1855 1936 1886 &
1954 1852 2158 1884 Transsationis
2176 1851 2266 1883 Anno
2287 1854 2333 1884 18.

1380 1932 1397 1964 b
1416 1893 1719 1941 Confirmatio.Teste
1732 1893 1816 1933 Rege
1829 1892 1904 1932 apud
1916 1891 2180 1932 Wstmonasterium
2189 1914 2200 1930 ,
2211 1901 2295 1923 nono
2309 1892 2358 1924 die
2366 1894 2452 1930 ocia-g

1399 1944 1446 1965 rts.

1419 2011 1564 2052 Johannes
1576 2010 1682 2050 Sella,
1701 2010 1849 2050 Clericus,
1869 2010 1905 2041 A.
1920 2009 1968 2041 Μ.
1988 2019 2106 2042 necnon
2123 2008 2293 2048 Capelianus
2307 2008 2458 2041 Semini-³

1382 2053 1424 2082 mi
1444 2051 1572 2083 Domini
1590 2051 1679 2081 nostri
1701 2051 1809 2089 Regis,
1827 2059 1860 2081 ut
1881 2060 1935 2081 una
1960 2060 2031 2082 cum
2058 2048 2199 2080 Re&oria
2214 2048 2344 2080 Ecclesie
2362 2049 2453 2080 Paro-³

1382 2091 1480 2122 chialis
1496 2090 1533 2121 de
1553 2090 1637 2120 Brad
1651 2090 1718 2120 eilde
1739 2091 1838 2122 Sanc‘le
1860 2089 1961 2127 Clare,
1988 2087 2121 2118 Diocefis
2140 2087 2322 2127 Norwicenfis
2351 2089 2360 2125 (
2385 2097 2453 2119 uam

1377 2130 1438 2168 jam
1464 2129 1591 2166 obtinet)
1654 2129 1793 2160 eeioriam
1818 2127 1944 2159 Ecclesie
1971 2126 2144 2171 Parochialis
2166 2125 2203 2157 de
2227 2098 2451 2165 Hornings‘berth

1383 2167 1510 2206 ejusdem
1532 2167 1663 2198 Diocefis
1689 2167 1795 2205 (modo
1819 2177 1879 2197 non
1904 2166 1986 2197 distet
2010 2176 2025 2196 a
2044 2175 2131 2202 priori
2149 2165 2220 2196 ultra
2237 2166 2283 2196 sex
2302 2165 2452 2204 Milliaria)

1381 2206 1632 2277 ἷῧῗὲἓῗοὲῗέῗὲῑ
1644 2206 1998 2275 &123332‘13343532‘333
2001 2214 2055 2273 essee·
2070 2203 2389 2274 issiissffffifflffig
2404 2204 2454 2274 {¹3⁶

1383 2284 1623 2354 Oggnfirmatio.
1637 2269 1731 2315 ’'I'este
1750 2282 1831 2323 Rege
1848 2283 1922 2323 apud
1942 2280 2204 2322 Wstmonasterium
2216 2305 2226 2320 ,
2245 2282 2388 2314 tricesimo
2403 2281 2453 2312 die

1438 2335 1452 2354 0
1471 2334 1517 2354 ris.

1421 2401 1587 2432 Willielmus
1601 2400 1760 2438 Hotchkin,
1781 2400 1911 2430 Clericus
1925 2421 1934 2437 ,
1953 2397 1989 2428 L.
2007 2398 2042 2428 L.
2062 2398 2094 2429 B.
2115 2406 2146 2429 ut
2164 2406 2219 2428 una
2236 2405 2293 2426 cun
2313 2394 2453 2426 Rei-storia

1382 2440 1510 2472 Ecclefie
1524 2440 1693 2471 Parochialis
1706 2439 1743 2469 de
1757 2443 1962 2475 Swannington
1978 2437 2108 2468 Diocesis
2122 2434 2356 2478 Norqvicenfislad
2369 2445 2454 2472 quam

1384 2480 1471 2510 etiam
1488 2479 1658 2518 presentatus
1675 2478 1716 2509 est
1738 2479 1842 2515 (modo
1861 2486 1920 2508 non
1939 2477 2023 2506 distet
2041 2486 2055 2504 a
2075 2474 2216 2517 Redioria
2235 2472 2365 2516 prediista
2384 2473 2454 2504 ultra

1383 2520 1511 2556 quinque
1531 2517 1676 2554 Milliaria)
1698 2518 1823 2554 recipere
1842 2514 1942 2554 possit,
1961 2515 1994 2544 δε
2009 2511 2104 2551 quoad
2118 2519 2219 2542 Vixerit
2234 2519 2365 2555 retinere.
2383 2511 2454 2543 Dat'

1382 2558 1524 2588 vicesimo
1549 2557 1656 2587 oc‘tavo
1681 2555 1726 2585 die
1755 2555 1862 2585 Mensis
1886 2553 2031 2589 ominis,
2057 2551 2146 2581 Anno
2164 2549 2288 2580 Domini
2313 2550 2400 2580 1628.
2420 2551 2455 2583 ὃς

1383 2595 1593 2626 Transsationis
1610 2595 1699 2625 Anno
1723 2594 1768 2623 18.

1425 2633 1630 2664 Confirmatio.
1648 2631 1740 2663 Teste
1758 2630 1842 2670 Rege
1858 2629 1935 2667 apud
1954 2626 2233 2667 Wstmonasterium,
2255 2627 2400 2659 tricesimo
2412 2626 2458 2659 die

1384 2672 1519 2702 Ostobris.

1419 2749 1571 2779 Richardus
1585 2746 1716 2785 Talbott,
1734 2746 1879 2781 Clericus,
1902 2743 1937 2775 Α.
1958 2742 2138 2787 M3necnon
2153 2741 2323 2781 Capelianus
2341 2753 2449 2782 preno-

1383 2787 1446 2818 bilis
1458 2788 1570 2818 femine
1585 2786 1735 2816 Catherine
1745 2783 1900 2815 Comitilse
1916 2783 2036 2813 Dotarie
2049 2779 2186 2819 Suffblcie,
2206 2790 2235 2812 ut
2251 2792 2306 2812 una
2320 2792 2389 2813 cum
2404 2783 2457 2815 Vi-

1383 2828 1457 2858 caria
1476 2835 1609 2864 perpetua
1628 2824 1755 2856 Ecclelie
1772 2822 1943 2853 Parochialis
1962 2821 1999 2851 de
2017 2823 2126 2849 Cramer
2142 2819 2273 2850 Diocesis
2286 2822 2456 2852 Norwicen-

1377 2865 1418 2907 fis
1438 2867 1537 2905 (quarn
1552 2866 1613 2903 jam
1633 2863 1758 2899 obtinet)
1788 2862 1959 2892 Recioriam
1983 2858 2110 2889 Ecclesie
2130 2858 2304 2889 Parochialis
2325 2859 2361 2890 de
2378 2863 2458 2891 Met-

1389 2911 1437 2934 ton
1453 2904 1516 2935 alias
1542 2906 1651 2933 Mitton
1667 2926 1677 2939 ‚
1698 2901 1824 2940 ejusdem
1850 2898 1982 2931 Diocesis
2010 2898 2114 2934 (modo
2133 2906 2193 2927 non
2209 2897 2291 2928 distet
2309 2907 2324 2927 a
2343 2898 2458 2930 Vicaria

1386 2943 1513 2982 predicta
1531 2942 1602 2973 ultra
1622 2950 1744 2980 quatuor
1766 2938 1910 2975 Milliaria)
1928 2938 2052 2974 recipere
2071 2935 2174 2974 possit,
2194 2936 2227 2966 &
2247 2936 2342 2974 quoad
2357 2937 2460 2969 vixerit

1387 2983 1517 3013 retinere.
1537 2981 1606 3012 Dat'
1621 2980 1758 3012 vicesimo
1771 2979 1818 3008 die
1834 2976 1942 3008 Mensis
1956 2975 2125 3006 Novembris
2132 2975 2224 3006 Anno
2233 2974 2358 3006 Domini
2369 2975 2460 3007 1628.

1389 3022 1423 3054 ὃ(
1442 3019 1649 3051 Transsationis
1669 3019 1757 3049 Anno
1782 3017 1826 3047 18.

1426 3058 1625 3090 Confirmatio.
1644 3057 1734 3088 Teste
1753 3055 1836 3094 Rege
1853 3053 1928 3092 apud
1948 3050 2211 3094 Wstmonasterium
2225 3076 2235 3092 ,
2260 3052 2402 3084 vicesimo
2420 3052 2461 3084 se-

1391 3098 1489 3131 cundo
1506 3097 1553 3128 die
1570 3096 1750 3127 Novembris.

1433 3175 1552 3215 Jacobus
1570 3172 1709 3208 Fethern,
1729 3171 1860 3202 Clericus
1877 3193 1886 3208 ,
1913 3169 1950 3199 A.
1970 3167 2019 3198 Μ.
2036 3178 2152 3199 necnon
2174 3168 2344 3207 Capellanus
2363 3168 2462 3200 Reve—

1393 3214 1473 3245 rendi
1500 3215 1529 3244 in
1555 3211 1674 3243 Christo
1692 3210 1779 3242 Patris
1797 3210 1937 3248 Johannir
1955 3217 2046 3245 nuper
2065 3207 2228 3246 Oxonienfis
2247 3209 2280 3239 &
2298 3218 2377 3239 nunc
2396 3210 2461 3237 Du-

1394 3251 1532 3294 nelmenfis
1553 3251 1703 3288 Episcopi,
1723 3259 1754 3281 ut
1774 3259 1828 3279 una
1853 3258 1922 3279 cum
1943 3246 2056 3279 Vicaria
2074 3255 2208 3284 perpetua
2225 3245 2356 3278 Ecclefie
2374 3246 2462 3277 Paro-

1395 3292 1491 3323 chialis
1512 3291 1548 3321 de
1559 3288 1722 3319 Bradewell
1738 3287 1869 3319 Diocefis
1887 3284 2045 3323 Oxonienfis
2067 3287 2167 3322 (quam
2183 3286 2242 3323 jam
2260 3285 2381 3320 obtinet)
2397 3283 2460 3314 Re-

1396 3331 1520 3361 Ctoriarn
1539 3328 1664 3359 Ecclesie
1680 3327 1850 3358 Parochialis
1876 3325 1911 3355 de
1927 3326 2046 3354 Kencott
2064 3323 2189 3362 ejusdem
2207 3323 2462 3366 Dioce.fis·(rnod0

1397 3380 1457 3400 non
1477 3368 1561 3398 distet
1581 3377 1596 3398 a
1616 3367 1727 3398 vicaria
1746 3365 1868 3405 predidia
1894 3363 1963 3393 ultra
1987 3362 2106 3400 spatium
2134 3363 2214 3392 unius
2233 3361 2369 3398 Milliaru')
2389 3362 2460 3392 reci-

1397 3418 1464 3447 pere
1482 3405 1564 3445 possit
1581 3428 1590 3443 ‚
1617 3407 1650 3436 &
1677 3404 1771 3443 quoad
1790 3404 1891 3434 vixerit
1909 3403 2040 3432 retinere.
2059 3400 2127 3430 Dat'
2144 3400 2280 3443 vicesimo
2295 3407 2395 3437 quarto
2413 3401 2461 3431 die

1400 3446 1510 3477 Mensis
1519 3444 1685 3474 Novembris
1695 3466 1704 3481 ,
1718 3444 1805 3473 Anno
1815 3441 1938 3472 Domini
1958 3440 2043 3471 1628.
2056 3437 2398 3480 &Transsationis-Anno
2413 3440 2461 3470 18.

1436 3483 1637 3515 Confirmatio.
1647 3481 1735 3512 Teste
1747 3481 1832 3519 Rege
1849 3479 1923 3519 apud
1940 3478 2214 3517 Wstmonasterium,
2224 3476 2362 3507 vicelimo
2380 3479 2464 3516 quin-

1401 3532 1434 3555 to
1450 3524 1497 3555 die
1516 3521 1696 3552 Novembris.

1439 3603 1586 3631 Martinus
1604 3599 1712 3636 Blake,
1729 3598 1757 3629 S.
1771 3598 1811 3628 T.
1828 3597 1858 3627 Β.
1876 3605 1907 3627 ut
1925 3605 1980 3626 una
1991 3604 2060 3626 curn
2076 3591 2213 3634 Restoria
2230 3589 2356 3633 Ecclesie
2377 3593 2467 3625 Paro-

1401 3640 1499 3671 chialis
1523 3639 1559 3669 de
1584 3637 1677 3677 Kiiigs
1695 3639 1833 3676 NJ'mptov:
1857 3636 1919 3665 alifis
1944 3636 2046 3674 Nymet
2071 3633 2149 3666 Regis
2168 3628 2300 3660 Diocelis
2317 3633 2462 3662 Exom‘en-

1396 3679 1435 3717 fis
1453 3680 1550 3716 (quam
1573 3677 1633 3714 jam
1660 3677 1783 3711 obtinet)
1813 3675 1955 3704 Vicariarn
1983 3677 2146 3709 perpetuam
2171 3667 2295 3711 Ecclesie
2314 3668 2465 3702 Parochia-

1404 3718 1438 3746 lis
1471 3717 1508 3747 de
1537 3714 1702 3754 Barnstaple
1727 3715 1849 3752 ejusdem
1881 3711 2010 3742 Dioceiis
2036 3710 2045 3744 ζ
2056 3706 2146 3749 modo
2169 3715 2229 3734 non
2257 3706 2339 3748 distet
2365 3720 2379 3740 a
2402 3710 2465 3740 Re-

1409 3755 1499 3785 &oria
1525 3753 1650 3792 predicta
1673 3753 1742 3784 ultra
1766 3754 1868 3783 decem
1889 3747 2179 3789 Miniariairecipere
2198 3745 2281 3780 pollii
2295 3768 2304 3782 ,
2321 3747 2354 3777 &
2373 3748 2468 3786 quoad

1408 3794 1509 3824 vixerit
1521 3793 1650 3823 retinere.
1670 3791 1738 3822 Dat'
1757 3791 1894 3822 vicelimo
1907 3795 2007 3825 quarto
2025 3783 2069 3812 die
2088 3781 2198 3832 Mensis
2206 3784 2388 3824 Novembris,
2404 3787 2468 3817 An-

1410 3841 1450 3861 no
1468 3831 1593 3861 Domini
1616 3830 1701 3861 1628.
1721 3831 1754 3861 ὃς
1773 3826 1979 3859 Transsationis
1999 3823 2084 3852 Anno
2108 3823 2148 3850 ib.

1446 3869 1744 3900 Confirmatio.Teste
1758 3868 1840 3906 Rege
1850 3864 1922 3902 apud
1933 3858 2189 3899 Wistmonasterium
2203 3884 2213 3898 ,
2231 3860 2371 3892 vicesimo
2387 3862 2470 3900 quin-

1409 3914 1441 3938 to
1454 3907 1500 3937 die
1517 3908 1692 3937 Novembris.

1447 3984 1606 4014 Willielmus
1620 3981 1770 4022 Faiifaxe,
1787 3979 1918 4010 Clericus
1933 3977 1948 4014 ,ὅ
1967 3975 2002 4006 Α.
2025 3974 2072 4005 M.
2087 3983 2201 4005 necnon
2222 3975 2392 4020 Capellanus
2409 3977 2468 4008 ho-

1407 4023 1526 4055 norandi
1540 4024 1596 4055 viri
1613 4020 1751 4053 Edwardi
1768 4017 1880 4050 Batonis
1897 4019 2017 4054 Conway
2027 4037 2037 4053 2
2054 4023 2085 4046 ut
2101 4023 2155 4044 una
2164 4023 2232 4046 cum
2241 4014 2352 4047 Vicaria
2366 4025 2466 4054 perpe-

2433 4063 2479 4086 tua
