2536 4255
272 73 351 127 ¹3⁶

123 153 251 188 AnnD.

151 193 237 224 1626.

123 237 177 261 An.
200 243 226 260 2.

118 274 186 300 Car,
211 279 235 298 i.

122 1077 257 1107 *xvim

120 1115 186 1150 827.

125 3380 204 3411 Ann.
219 3380 260 3414 D.

150 3420 236 3449 1626.

126 3461 179 3484 An.
201 3469 226 3486 2.

127 3497 193 3522 Car,
225 3507 247 3525 1.

165 3534 230 3562 lo'iil.

310 152 408 185 Thome
423 150 529 181 Trevor
545 145 634 178 Militi
650 146 699 176 uni
713 145 857 176 Baronum
874 143 1014 175 Scaccarii
1028 142 1135 180 nostri,

312 193 435 227 Henagio
454 185 539 217 Finch
557 185 647 216 Militi
663 184 852 216 Recordatori
865 182 996 214 Civitatis
1010 182 1152 218 London',

314 227 438 268 Baptiste
456 226 555 256 Hickes
573 223 663 254 Militi
678 224 712 255 &
726 222 900 260 BatonettO,

317 267 448 304 Johanni
459 263 607 294 Sotherton
623 262 673 292 uni
687 261 830 292 Baronum
847 259 1003 298 Scaceariix,

314 301 430 335 'Roherto
443 300 541 332 Heath
555 300 645 331 Militi
661 299 814 331 Attornato
831 298 931 329 nostro
943 296 1094 334 Generali,

311 342 429 374 Ricardo
444 339 553 370 Shilton
568 338 658 369 Militi
672 338 853 369 Sollicitatori
867 337 965 367 nostro
979 335 1112 367 Generali
1121 356 1130 371 ‚

314 380 424 411 Allano
439 378 539 418 Aplley
555 377 645 408 Militi
661 376 881 409 Locumtenenti
893 375 995 408 Turris
1013 374 1101 406 nostri
1119 369 1253 408 Loodon,

311 417 456 458 Francisco
475 420 569 455 Darcy
588 416 694 455 Militi,

310 460 429 488 Henrico
447 455 542 486 Baker
561 453 670 490 Militi,

311 494 444 535 Johanni
458 498 596 524 Danvers
614 492 719 529 Militi,

311 536 354 565 W
353 533 463 564 illielmo
481 532 604 571 Slingsby
624 531 729 568 Militi,

307 572 406 603 Thome
429 571 537 609 Wilfon
557 570 662 608 Militi,

307 611 447 641 Edvardo
467 610 604 639 Wardour
626 606 731 644 Militi,

312 652 433 680 Henrico
450 647 546 686 Spiller
565 647 669 682 Militi,
707 684 711 689 ·

311 688 440 727 Johanni
457 686 608 725 Hayward
623 685 730 721 Militi,

311 726 410 757 Thome
426 726 534 755 Fowler
548 724 652 760 Militi,
706 760 711 764 ¹

308 765 446 795 Edvardo
464 763 607 794 Barkham
622 760 731 797 Militi,

310 803 413 834 Thome
427 800 516 840 Fifher
535 802 624 831 Militi
636 821 661 842 ,-

313 840 459 871 M‘illielmo
474 844 556 878 Terry
576 838 682 874 Militi,

312 880 450 911 Edvardo
469 883 553 908 Carre
571 877 672 912 Militi,
777 908 782 914 ,

311 922 414 957 Rogero
432 921 519 948 Butes
535 917 620 947 Sacre
636 909 802 949 Theologle
820 905 967 949 Doctum

310 958 446 997 Johanni
465 954 590 995 Goulston
599 978 609 993 ,

307 998 352 1027 W
351 995 456 1026 illielmo
474 992 604 1031 Daniell,

309 1033 445 1064 Nicholao
463 1035 602 1069 Rainton,

310 1074 330 1094 ²¹³
379 1072 512 1110 ulliniano
533 1072 642 1108 Povey,

312 1115 354 1143 W
354 1110 460 1140 illielmo
478 1108 557 1146 Hill,

310 1149 440 1189 Johanni
459 1147 547 1184 Ῑψὲβ,

304 1188 435 1228 Johanni
454 1188 542 1222 Page,

305 1225 448 1265 Radulpho
467 1225 507 1253 W
508 1221 659 1260 ilbraham,

308 1265 426 1296 Ricardo
443 1263 529 1292 Budd
536 1285 545 1298 ,

304 1306 433 1335 Antonio
449 1301 565 1340 Καυῇ»,

306 1342 402 1371 Thome
421 1340 572 1378 Sanderson
583 1361 594 1376 ,

306 1382 406 1410 Simoni
426 1378 554 1408 Muskett
564 1398 574 1414 ,

306 1417 422 1454 Eusebio
440 1416 602 1446 Andrewes
611 1435 623 1451 ,

304 1453 452 1485 willielmo
470 1452 600 1493 Hudson,

304 1497 416 1530 Georgia
432 1495 529 1530 Long,

303 1532 419 1564 Ricardo
438 1529 593 1568 Lowther,

303 1570 438 1610 Johanni
456 1572 566 1607 Heron,

305 1613 384 1646 Inigo
401 1608 506 1647 Jonex,

303 1650 422 1677 Henrico
439 1645 584 1684 Banister,

308 1684 461 1715 Will.·‘elmo
482 1687 589 1714 Swiiine
598 1705 611 1721 ‚

306 1724 404 1755 Thome
420 1723 573 1762 Sheppard,

305 1762 404 1794 Thome
423 1760 612 1800 fresh-water,

307 1801 455 1832 Willielmo
471 1799 549 1830 Wall
557 1821 566 1836 ,

309 1842 350 1870 W
350 1839 458 1869 illielmo
476 1836 619 1875 Johnson,

307 1877 452 1916 Radudoho
470 1876 600 1914 Has-*ingr
611 1896 622 1909 ,

308 1917 424 1946 Ricardo
443 1919 570 1952 Co‘urw,

305 1954 436 1993 Johanni
454 1952 552 1991 Bady,

306 1994 481 2032 Armigeris:

307 2035 419 2068 Georgia
438 2027 573 2067 Nee‘dler²

306 2073 335 2100 T
331 2070 406 2099 home
424 2068 526 2106 Illafim
537 2090 546 2106 ,

305 2106 446 2177 ἲξειίίαῖᾖε
460 2105 608 2143 Allington
617 2127 628 2142 ,

331 2156 350 2177 ,ἰ

308 2185 456 2215 Edmundo
473 2181 587 2220 Sadler,

305 2223 475 2262 Generosis,

308 2262 496 2331 ἓὲῗξῖᾞὸῦίε
519 2295 664 2330 manifeste
685 2293 797 2326 constet
811 2293 845 2324 &
862 2296 1049 2328 compertum
1064 2285 1115 2324 fit,
1132 2293 1190 2316 tam
1209 2292 1260 2323 per
1278 2282 1332 2314 Vi>-

274 2337 336 2369 sum
361 2339 490 2370 nostrum
514 2338 678 2375 proprium,
698 2343 783 2371 quarn
807 2340 855 2368 per
872 2328 1111 2360 informationem
1133 2324 1189 2356 fide
1211 2323 1332 2367 dignam

273 2375 432 2409 Procerum
458 2376 629 2412 Magnarum
651 2374 683 2405 δε
705 2369 936 2402 Consiliariorum
963 2365 1196 2413 nol’ti‘orum„·ac
1207 2362 1330 2407 aliorum

270 2415 457 2446 Subditorurn
472 2414 638 2445 nostrorum
650 2412 684 2441 ad
701 2410 858 2441 Civitatem
872 2405 998 2436 nostram
1015 2402 1129 2445 Londogz
1145 2400 1242 2446 ¹indies
1256 2410 1329 2444 con-

271 2453 438 2492 fluentium,
475 2452 534 2484 uod
554 2454 583 2482 iri
604 2449 717 2480 diversis
738 2448 827 2478 Locis
850 2445 921 2476 infra
939 2451 1060 2485 quatuor
1076 2440 1238 2485 Milliariaa
1252 2438 1328 2469 dieta

271 2491 397 2523 Civitate
415 2464 507 2523 noiira
522 2489 885 2524 London'circumquaque
897 2481 1104 2525 quamplurima
1121 2478 1278 2510 inordinata
1293 2478 1327 2509 &

269 2531 365 2561 illicita
380 2530 497 2561 Edificia
511 2530 543 2559 δε
558 2528 719 2563 ὃῑτυὲἲυτε,
739 2526 772 2555 &
787 2522 894 2554 diverse
905 2521 1022 2552 Familie
1037 2528 1095 2549 uno
1118 2517 1168 2548 sub
1182 2517 1260 2560 tecto
1274 2526 1325 2546 co-

269 2569 441 2605 habitantes,
461 2569 494 2599 &
519 2566 658 2605 permulte
684 2563 925 2598 coarctatione,
949 2557 1064 2597 anguste
1088 2555 1326 2601 Obi‘cru6tiones,

268 2604 521 2638 Incrochiamenta
538 2607 570 2636 &
590 2603 773 2634 Sufleffiones
791 2602 820 2630 in
840 2601 872 2632 &
890 2598 984 2628 subtus
997 2596 1199 2627 communibus
1216 2593 1326 2624 Placeis

268 2645 365 2676 Stratis
390 2649 423 2678 ὃς
446 2644 568 2676 Venellis
586 2642 613 2672 V
617 2644 646 2672 iis
662 2643 694 2672 ὃ(
715 2639 863 2678 Paffagiis,
879 2637 985 2680 aliaque
1005 2634 1194 2677 Nocumenta
1212 2634 1245 2664 &
1267 2631 1324 2661 Of-

269 2683 395 2722 fensiva,
412 2693 471 2715 tam
485 2692 518 2714 ex
536 2682 636 2718 Funis,
655 2678 796 2709 Intestinis
814 2672 1033 2716 Bestiarqu&
1046 2673 1104 2701 aliis
1121 2671 1243 2701 Orduris
1256 2679 1323 2707 pro-

265 2723 368 2761 jectis,
386 2732 434 2754 aut
449 2722 526 2752 aliter
542 2720 613 2749 infra
628 2717 750 2758 predicta
767 2716 847 2745 Loca
863 2715 892 2744 in
907 2712 1057 2743 Comitatu
1070 2710 1193 2747 Midds',
1209 2708 1246 2739 ad
1261 2717 1323 2746 gra-

269 2771 307 2791 ve
326 2761 493 2795 Dampnum
513 2758 727 2789 Detrimentum
742 2756 775 2786 δε
791 2750 1041 2787 Incommodum,
1058 2758 1172 2792 necnon
1189 2747 1224 2777 ad
1238 2756 1321 2791 corn-

269 2809 358 2830 mune
383 2799 607 2830 Nocumentum
632 2794 820 2825 Subditorum
843 2790 1008 2821 nostrorum
1027 2796 1159 2817 oriuntur
1179 2785 1213 2816 &
1237 2785 1323 2816 indies

269 2838 415 2876 crescunt,
441 2839 471 2868 in
495 2836 614 2875 quibus,
637 2834 671 2864 &
694 2830 887 2862 consimilibus
910 2826 1108 2869 Nocurnentis
1129 2826 1163 2868 βε
1181 2822 1322 2867 offensis,

268 2876 396 2915 quotidie
419 2876 452 2906 ἃ
475 2875 511 2905 de
536 2883 616 2903 novo
636 2869 860 2909 emergentibus,
878 2868 934 2897 sive
946 2862 1148 2907 supprimendis
1164 2862 1223 2906 sive
1234 2872 1323 2893 corri-

268 2915 382 2953 gennis,
402 2924 471 2945 cum
493 2912 591 2943 usitatis
611 2911 704 2940 modis
723 2907 904 2946 procedendo
924 2915 972 2942 per
988 2903 1071 2933 Viam
1085 2902 1203 2932 adhonis
1216 2911 1243 2930 in
1259 2899 1323 2944 Cu-

267 2954 314 2983 riis
338 2952 439 2983 nostris
461 2951 533 2989 apud
557 2948 681 2987 U'estm',
698 2956 743 2977 aut
765 2955 813 2984 per
828 2944 1070 2975 lndidtamentum
1084 2950 1181 2971 coram
1192 2938 1322 2978 Justicia-

269 2992 316 3021 riis
342 2990 446 3021 nostris
469 2990 504 3020 ad
529 2988 654 3024 Pacem,
674 2986 718 3016 vel
745 2993 844 3014 coram
869 2983 952 3013 nobis
974 2982 1001 3011 in
1020 2980 1115 3010 Banco
1134 2977 1235 3009 nostro
1248 2977 1322 3015 apud

269 3028 396 3067 W’estvl,
417 3036 545 3067 magnam
570 3025 671 3054 onerat
693 3033 762 3053 cuin
782 3021 898 3052 Moram
913 3029 974 3050 tum
995 3017 1230 3061 MolestiarnQ&
1249 3017 1322 3046 mul-

268 3069 393 3107 tiplicem
407 3066 553 3105 expensam
564 3064 693 3094 Personis
708 3061 769 3100 ipsis
785 3060 1141 3097 delinquentium,riecnon
1154 3056 1206 3086 alia
1221 3064 1318 3094 quam·

678 50 1491 102 CONVENTIONES,

1547 45 1937 94 LITERAE,

1373 137 1491 176 plurima
1509 134 1638 175 Negotia
1652 134 1759 165 ibidem
1774 130 1934 177 peragenda
1948 128 2084 174 impediat
2097 129 2131 162 δε
2145 127 2285 172 retardet3
2452 118 2530 151 Ann-

1414 175 1480 206 Nos
1495 175 1579 212 igitur
1595 174 1720 204 volentes
1736 181 1825 212 magis
1844 170 1926 201 facile
1940 179 1974 200 ac
1991 169 2126 199 festinum
2141 167 2318 199 Remedium
2334 167 2363 200 in
2376 165 2434 199 hac
2449 159 2536 226 ‚431622‘

1375 213 1461 245 Parte
1481 212 1625 251 adhiberi,
1641 222 1675 243 ac
1699 211 1734 241 de
1749 212 1772 241 F
1774 210 1940 242 idelitatibus
1957 207 2168 245 integritatibus
2181 206 2214 237 &
2228 207 2352 244 providis
2366 206 2432 236 Cir-

1376 251 1635 289 cumspectionibus
1663 249 1760 281 vestris
1790 250 1947 287 plurimum
1968 245 2168 282 confidentes,
2189 244 2226 274 de
2248 246 2436 277 Avisamento

1376 289 1506 320 Concilii
1532 289 1644 327 nostri,
1667 287 1865 318 affionavimus
1895 284 2096 316 constituimus
2118 284 2151 314 δε
2171 282 2364 315 ordinavimus
2383 293 2438 315 vos

1377 326 1644 358 Commiffionarios
1665 312 1796 364 noffros,
1811 335 1845 357 ac
1862 334 1912 363 per
1927 323 2085 361 Presentes,
2107 322 2208 352 damus
2219 322 2321 360 vobis,
2340 323 2374 354 &
2389 322 2439 352 ali-

1375 366 1477 403 quibus
1489 366 1582 397 tribus
1596 366 1640 397 vel
1655 365 1782 403 pluribus
1797 363 1942 400 vestrum,
1959 363 2074 400 plenam
2089 358 2262 403 Pnotestatern
2277 362 2311 393 &
2324 361 2439 392 Antho-

1373 406 1505 442 ritatem,
1520 404 1556 434 ee
1576 413 1706 442 tempore
1727 404 1757 434 in
1779 411 1909 440 tempus,
1925 403 1959 432 ὃς
1978 401 2013 431 ad
2035 409 2134 430 omnia
2147 406 2293 436 tempora,
2310 401 2439 438 quando·

1374 451 1492 480 cunque
1505 442 1604 480 vobis,
1618 451 1666 473 aut
1681 442 1771 472 tribus
1784 440 1830 471 vel
1844 440 1968 478 pluribus
1983 438 2128 476 vestrum,
2146 445 2346 476 opportunum
2360 439 2440 470 vide-

1376 480 1468 518 bitur,
1485 480 1520 510 ad
1543 479 1763 520 inquirendum,
1778 487 1837 510 tarn
1861 488 1911 515 per
1933 477 2115 508 Sacramenta
2140 476 2298 513 proborum
2315 477 2348 506 &
2362 476 2438 516 lega-

1377 518 1450 551 lium
1466 518 1633 549 Hominum
1654 517 1822 548 Comitatus
1849 515 1939 546 nostri
1960 515 2083 553 Mida's’,
2108 523 2165 545 tarn
2188 514 2260 545 infra
2282 514 2439 546 Libertates

1378 566 1468 594 quam
1485 565 1562 588 extra
1578 558 1609 587 in
1628 555 1775 586 Comitatu
1798 554 1897 585 nostro
1915 553 2044 593 predieo
2062 552 2206 591 (Civitate
2222 552 2317 585 nostra
2332 552 2439 592 Weslm'

1380 597 1414 628 δε
1434 596 1625 626 Libertatibus
1640 594 1762 632 ejusdem
1778 592 1919 630 exceptis)
1941 601 2027 630 quam
2043 600 2091 630 per
2106 591 2299 628 particularem
2318 593 2438 625 Exami-

1379 635 1527 665 nationem
1548 642 1782 671 quarumcunque
1803 632 1988 662 Personarum
1999 651 2008 667 ‚
2026 629 2059 660 δε
2073 638 2121 666 per
2134 638 2235 661 ornnes
2248 631 2316 661 alios
2331 633 2437 664 modos

1380 673 1415 703 &
1437 672 1529 703 media
1550 681 1730 709 quecumque
1752 681 1801 708 per
1821 680 1874 708 que
1889 670 1929 699 rei
1946 668 2053 698 Veritas
2068 667 2168 697 melius
2181 668 2242 699 sciri
2257 673 2379 707 poterit,
2399 672 2436 703 de

1379 711 1517 740 omnibus
1536 709 1570 740 &
1584 710 1693 749 singulis
1711 709 1866 746 Premiffis,
1880 718 1912 739 ac
1928 707 1963 738 de
1979 706 2116 737 omnibus
2126 705 2159 736 &
2174 705 2284 744 singulis
2298 719 2436 742 commu-

1379 748 1463 778 nibus
1484 748 1682 779 Nocumentis
1699 748 1732 778 ὃ(
1753 747 1967 784 Incommodis,
1986 755 2034 783 per
2059 753 2269 783 quamcumque
2283 746 2437 780 Personam

1380 785 1438 816 sive
1454 787 1632 825 quascunque
1649 787 1780 817 Personas
1794 785 1865 817 infra
1880 786 1970 823 aliqua
1985 784 2066 814 Loca
2081 784 2109 813 in
2125 782 2204 813 dieto
2221 783 2366 816 Comitatu
2381 798 2438 819 no-

1379 823 1439 854 stro
1458 823 1580 859 Midds',
1597 824 1742 855 existentia
1755 824 1826 855 infra
1843 832 1960 862 quatuor
1974 821 2107 853 Milliaria
2121 831 2135 851 a
2150 821 2227 851 didta
2241 821 2365 855 Civitate
2382 835 2438 856 no-

1379 861 1435 892 stra
1450 862 1594 898 London’,
1610 871 1669 892 tarn
1685 862 1755 892 infra
1770 862 1929 893 Libertates
1944 871 2031 900 quam
2045 869 2139 898 extra,
2159 859 2300 898 (predicta
2315 862 2439 896 Civitate

1378 899 1473 931 nostra
1488 900 1596 940 Wstm'
1616 900 1808 931 Libertatibus
1821 902 1854 931 &
1868 900 2017 931 Precindtu
2032 899 2154 938 ejusdem
2173 901 2377 931 tantummodo
2389 912 2438 932 ex-

1378 939 1484 978 ceptis)
1502 939 1584 969 fastis
1606 938 1760 969 commistis
1783 939 1839 969 five
1861 939 2040 976 perpetratis,
2058 938 2115 968 sive
2137 937 2324 977 imposterum
2340 938 2439 972 fiendis

1377 979 1434 1014 seuf.
1444 977 1639 1015 perpetrandis,
1654 979 1687 1009 ὅ(
1701 977 1761 1015 quis
1776 976 1821 1007 vel
1835 978 1894 1014 qui,
1911 977 2013 1014 quales,
2030 985 2118 1014 quot,
2137 976 2286 1014 quomodo
2300 977 2333 1008 δε
2348 988 2436 1018 quan-

1379 1016 1420 1047 do
1432 1016 1552 1054 fuerint,
1572 1023 1620 1046 aut
1635 1015 1823 1054 imposterum
1835 1017 1923 1052 erint,
1940 1015 2132 1053 delinquentes
2145 1016 2174 1044 in
2190 1014 2344 1046 Premiffis:

1417 1054 1455 1085 Et
1470 1055 1579 1086 ulterius
1593 1055 1692 1091 vobis,
1710 1054 1755 1085 vel
1769 1054 1906 1091 aliquibus
1919 1053 2005 1083 tribus
2018 1062 2064 1083 aut
2078 1053 2203 1090 pluribus
2219 1054 2355 1093 vestrum,
2375 1057 2435 1095 ple..

1379 1103 1448 1123 nam
1471 1092 1646 1124 Potestatem
1666 1093 1699 1124 &
1723 1093 1935 1123 Authoritatem
1956 1091 2054 1122 damus
2066 1092 2098 1121 &
2113 1093 2316 1131 concedimus,
2334 1094 2369 1124 ad
2386 1105 2436 1126 au-

1378 1131 1516 1162 diendum
1536 1132 1570 1162 &
1592 1131 1805 1162 terminandum
1826 1132 1925 1161 onmia
1945 1130 1978 1160 ὃς
2002 1129 2106 1167 singula
2119 1129 2268 1169 Premiffa,
2286 1133 2319 1164 &
2333 1135 2433 1165 omnia

1380 1169 1414 1200 &
1433 1170 1538 1209 singula
1563 1178 1736 1201 nocumenta
1759 1170 1792 1200 δε
1811 1168 1997 1199 incommoda
2020 1167 2259 1207 Transgreffiones
2273 1170 2384 1202 Deusta
2398 1173 2434 1203 δε

1379 1207 1510 1238 Offensas
1524 1209 1725 1239 concernentia
1737 1209 1781 1239 vcl
1797 1209 1940 1248 tangentia
1950 1206 2085 1238 Premiffa
2101 1207 2146 1237 vel
2157 1206 2278 1246 aliquam
2291 1209 2358 1239 inde
2365 1210 2435 1241 Pat-

1381 1247 1481 1277 cellam
1495 1269 1505 1284 ,
1531 1256 1589 1277 tarn
1610 1246 1682 1277 infra
1703 1247 1855 1278 Libertates
1878 1256 1963 1286 quarn
1986 1255 2062 1276 exrra
2084 1246 2113 1274 iri
2137 1243 2285 1276 Comitatu
2306 1248 2435 1284 predicto

1384 1285 1525 1322 (exceptis
1546 1286 1736 1323 prcexceptis)
1758 1285 1914 1316 secundum
1945 1284 2036 1323 Leges
2062 1283 2094 1314 ἃ
2109 1282 2337 1315 Consuetudines
2351 1286 2436 1324 hujus

1383 1321 1482 1362 Regni
1497 1323 1588 1353 nostri
1601 1323 1727 1362 Anglie,
1744 1324 1777 1355 &
1794 1323 2006 1362 quibuscunque
2023 1323 2116 1352 modis
2131 1332 2163 1352 ac
2179 1323 2277 1353 inediis
2290 1323 2436 1363 legittimis

1381 1361 1554 1404 compellere
1569 1363 1603 1394 ὃς
1619 1371 1724 1399 cogere
1737 1371 1785 1392 eos
1800 1365 1833 1393 &
1850 1361 1966 1402 singulas
1979 1360 2111 1392 Personas
2125 1371 2191 1397 quas
2206 1362 2368 1393 inveneritis
2382 1364 2433 1395 de-

1380 1399 1538 1442 linquentes
1553 1400 1738 1439 negligentes
1753 1400 1799 1430 vel
1815 1400 1968 1431 resistentes
1983 1400 2010 1429 in
2026 1398 2120 1438 aliquo
2134 1398 2340 1430 Ptemifforum
2350 1426 2358 1439 ,
2378 1403 2434 1432 liii-

1375 1438 1503 1476 Jusmodi
1517 1437 1647 1470 Offensas
1665 1438 1684 1458 *²
1703 1438 1891 1470 Nocumenta
1903 1440 1937 1470 &
1950 1437 2190 1481 Transgreffiones
2207 1448 2256 1475 per
2273 1440 2343 1477 ipsos
2359 1439 2432 1472 ficta

2449 239 2520 265 Car.

2453 1446 2536 1476 *XVI

1379 1477 1528 1507 commista
1551 1478 1584 1508 &
1605 1484 1757 1516 perpetrata
1770 1477 1839 1509 infra
1858 1486 1970 1521 tempus
1984 1486 2156 1507 conveniens
2172 1486 2221 1513 per
2236 1487 2306 1514 vos,
2324 1487 2372 1509 aut
2385 1480 2435 1510 :ili-
2475 1486 2488 1512 Ξ
2514 1508 2520 1516 ,

1379 1524 1452 1553 quos
1478 1524 1533 1546 tres
1553 1515 1598 1547 vel
1615 1516 1707 1554 piures
1730 1515 1855 1547 vestrum
1870 1539 1880 1554 ,
1902 1514 2090 1546 limittandum
2113 1515 2263 1547 emendare
2286 1517 2319 1548 δε
2344 1518 2436 1549 refor-

1379 1562 1473 1585 mare:
2086 1580 2087 1583 ,

1416 1591 1455 1624 Et
1470 1591 1490 1622 si
1503 1592 1699 1631 delinquentes
1712 1593 1837 1632 praediCti
1851 1591 2014 1631 hujusmodi
2024 1590 2266 1628 'Emendationem
2282 1594 2315 1626 &
2328 1593 2437 1626 Refor-

1377 1633 1536 1674 mationem
1557 1633 1728 1671 neglexerint
1748 1642 1796 1663 aut
1808 1632 2015 1669 recusaverint,
2033 1631 2134 1669 vobiS,
2148 1633 2193 1663 vel
2207 1633 2296 1663 tribus
2312 1642 2358 1663 aut
2374 1634 2437 1673 plu-

1380 1670 1457 1700 ribus
1479 1669 1624 1709 vestrum,
1643 1670 1815 1702 Potestatem
1837 1670 1937 1700 damus
1953 1669 2051 1709 eadem
2067 1669 2176 1708 facere,
2192 1679 2238 1701 aut
2255 1671 2315 1702 fieri
2333 1672 2437 1703 causari

1379 1717 1428 1747 per
1445 1707 1640 1739 Vicecornites
1654 1717 1703 1740 aut
1720 1710 1787 1739 alios
1801 1708 1968 1739 Officiarios
1986 1707 2097 1738 nostros
2114 1717 2165 1744 per
2179 1718 2231 1739 vos
2244 1711 2436 1741 nominandos

1378 1755 1426 1777 aut
1441 1747 1676 1786 appunetuandos
1694 1747 1828 1785 (expensis
1840 1747 1907 1777 inde
1924 1756 1976 1784 pro
1988 1745 2149 1784 hujusmodi
2161 1745 2383 1786 delinquentibus
2397 1750 2436 1779 al-

1378 1784 1518 1822 locandis)
1539 1786 1571 1815 &
1585 1786 1620 1816 ad
1633 1786 1746 1817 eosdem
1761 1786 1966 1823 Delinquentes
1978 1784 2011 1815 &
2025 1783 2122 1815 Trans
2135 1783 2250 1816 reffores
2266 1786 2296 1817 in
2312 1786 2436 1818 Premis-

1378 1822 1412 1866 sis
1428 1832 1475 1855 aut
1486 1833 1584 1854 eorum
1599 1823 1714 1862 aliquo,
1732 1834 1782 1862 per
1796 1823 2082 1861 Imprisonamentum
2132 1822 2321 1855 istriffionem
2331 1824 2434 1856 Amer-

1377 1871 1553 1892 ciamentum
1574 1861 1661 1893 Penas
1683 1861 1873 1893 Pecuniarum
1889 1871 1936 1893 aut
1949 1862 2023 1892 aliter
2036 1861 2191 1892 secundum
2207 1863 2388 1902 quantitatem
2402 1860 2436 1895 &

1376 1900 1539 1939 qualitatem
1563 1900 1678 1939 delicti,
1696 1909 1743 1931 aut
1764 1905 1837 1938 juxta
1860 1900 1950 1940 Leges
1965 1901 1998 1932 &
2014 1899 2121 1931 Statura
2134 1900 2217 1939 hujus
2231 1900 2326 1940 Regni
2344 1902 2435 1934 nostri

1376 1938 1496 1978 Anglie,
1512 1937 1703 1978 castigandum
1725 1940 1759 1971 &
1774 1939 1971 1978 puniendum,
1988 1938 2065 1970 salvis
2078 1938 2186 1976 semper
2199 1937 2283 1970 nobis
2298 1941 2434 1972 omnibus

1375 1976 1495 2009 Finibus
1518 1977 1759 2009 Amerciarnentis
1779 1979 1812 2009 ὃ(
1835 1978 1892 2008 aliis
1907 1978 1942 2008 ad
1957 1987 2009 2008 nos
2022 1976 2085 2008 inde
2100 1977 2304 2015 spe&antibus.·
2327 1978 2360 2009 &
2375 1989 2432 2016 pro

1374 2016 1493 2048 meliore
1515 2014 1683 2047 Direffione
1705 2016 1739 2047 &
1763 2015 1949 2047 Instructione
1971 2014 2066 2047 vestris
2086 2016 2115 2046 in
2139 2017 2173 2046 &
2198 2017 2273 2047 circa
2295 2002 2430 2050 bremiffa

1373 2055 1512 2092 quosdam
1537 2053 1696 2093 Articulos,
1713 2055 1744 2085 in
1764 2055 1886 2094 quadam
1905 2054 2045 2086 Schedula
2068 2054 2123 2084 hiis
2143 2053 2245 2085 Literis
2261 2053 2362 2086 nostris
2374 2055 2430 2087 Pa-

1374 2094 1498 2124 tentibus
1514 2102 1622 2124 annexa
1638 2094 1774 2132 fecimus,
1795 2103 1843 2131 per
1857 2103 1907 2123 vos
1924 2094 1969 2124 vel
1981 2102 2035 2124 tres
2051 2101 2098 2124 aut
2113 2092 2205 2130 plures
2221 2093 2346 2125 vestrum
2356 2117 2366 2133 ,
2387 2095 2430 2126 di-

1371 2130 1492 2201 ligegiter
1514 2131 1702 2164 observandos
1716 2132 1749 2164 &
1765 2131 1957 2172 exequendos,
1976 2133 2049 2171 juxta
2067 2141 2163 2163 veram
2176 2130 2371 2164 intentionem
2387 2143 2435 2166 ea-

1371 2179 1425 2201 run
1447 2180 1509 2202 ern:

1410 2208 1449 2253 Et
1470 2209 1535 2253 ideo
1555 2210 1637 2255 vobis
1659 2209 1824 2242 mandamus
1840 2210 1917 2250 quod
1933 2210 2009 2243 circa
2024 2207 2162 2253 Pyemiss'z'z
2177 2208 2326 2251 diligenter
2338 2211 2432 2242 inten-

1366 2245 1444 2290 'datis
1460 2258 1495 2292 ac
1511 2258 1543 2279 ea
1554 2248 1660 2293 faciatis
1676 2250 1710 2281 &
1727 2251 1905 2288 exequamini
1921 2259 1991 2280 cum
2004 2249 2111 2280 effectu
2128 2250 2158 2280 in
2176 2248 2270 2280 forma
2285 2249 2430 2288 predicta

1372 2286 1540 2318 mandamus
1554 2296 1639 2318 etiam
1655 2296 1754 2318 tenore
1767 2288 1952 2326 Presentium,
1967 2288 2084 2319 firmiter
2093 2288 2127 2318 &
2141 2287 2235 2318 stricte
2250 2287 2431 2326 precipimus,

1371 2332 1429 2356 tam
1445 2325 1618 2369 Vicecorniti
1634 2326 1705 2357 dieti
1720 2326 1884 2358 Comitatus
1895 2327 1985 2357 nostri
2000 2326 2120 2363 Mdds',
2137 2335 2222 2364 quam
2238 2326 2374 2355 omnibus
2392 2327 2426 2356 δε

1367 2363 1481 2403 ‘singulis
1505 2363 1666 2402 Majoribus
1680 2364 1736 2395 Bur
1756 2365 1865 2396 ensibus
1880 2365 2060 2397 Seneschallis
2076 2363 2186 2395 Ballivis
2200 2361 2425 2394 Constabulariis

1367 2402 1401 2432 &
1416 2401 1474 2446 aliis
1487 2401 1642 2434 officiariis
1651 2403 1728 2433 Mini
1755 2405 1789 2434 ris
1803 2405 1837 2436 ὅ(
1851 2403 1976 2435 Subditis
1989 2403 2090 2434 nostris
2103 2401 2327 2440 quibuscunque,
2343 2402 2423 2442 quod

1367 2440 1524 2485 vobis,·vel
1559 2441 1753 2481 uibuscurique
1765 2442 1854 2473 tribus
1867 2442 1912 2473 vel
1927 2441 2051 2481 pluribus
2063 2439 2186 2483 vestrum
2196 2461 2206 2477 ,
2224 2440 2254 2470 in
2269 2440 2424 2471 Executio-

1365 2489 1402 2510 ne
1423 2480 1503 2518 hujus
1556 2479 1745 2511 ommiffionis
1756 2480 1852 2511 nostre
1865 2479 2040 2511 attendentes
2053 2478 2211 2509 auxiliantes
2225 2478 2258 2508 ὃς
2273 2478 2425 2511 affistentes

1364 2518 1458 2548 sintin
1473 2519 1607 2549 omnibus
1619 2528 1704 2556 prout
1716 2518 1814 2555 decet,
1826 2519 1860 2550 δε
1872 2517 1951 2558 quod
1968 2517 2070 2548 faciant
2085 2516 2118 2546 &
2135 2524 2169 2545 ex
2190 2515 2264 2548 leant
2275 2519 2373 2548 omnia
2388 2519 2424 2550 &

1363 2556 1470 2594 singula
1486 2566 1542 2594 que
1564 2566 1614 2594 per
1629 2566 1694 2595 vos,
1712 2565 1759 2587 aut
1772 2557 1881 2593 aliquos
1893 2565 1947 2587 tres
1960 2555 2005 2586 vel
2022 2555 2112 2593 plures
2126 2564 2162 2584 ve
2204 2564 2271 2592 um,
2288 2556 2365 2594 juxta
2380 2564 2422 2587 te·

1362 2604 1468 2624 norem
1484 2594 1659 2625 Presentium
1675 2594 1797 2625 ordinari
1811 2595 1855 2625 vel
1867 2593 2051 2633 appundmari
2066 2593 2235 2632 contigerit,
2252 2593 2289 2624 de
2301 2595 2335 2626 &
2347 2603 2422 2625 con-

1362 2634 1504 2664 cernentia
1526 2632 1681 2672 Premiffa,
1700 2633 1771 2664 ficut
1793 2633 1822 2663 in
1845 2632 2021 2664 contrarium
2041 2630 2108 2662 inde
2123 2631 2158 2661 ad
2172 2630 2218 2662 sua
2233 2632 2360 2663 Pericula
2375 2642 2422 2664 re-

1360 2671 1498 2709 spondere
1513 2671 1667 2702 voluerint.

1397 2708 1436 2740 Et
1457 2709 1570 2740 ulterius
1592 2708 1727 2740 volumus
1749 2709 1827 2747 quod
1848 2708 1884 2740 he
1906 2707 2001 2739 Litere
2013 2707 2108 2738 nostre
2124 2707 2269 2747 Parentes,
2288 2719 2348 2740 non
2363 2710 2419 2741 ob-

1361 2746 1499 2778 stantibus
1517 2747 1657 2785 aliquibus
1678 2748 1736 2779 aliis
1759 2747 2017 2778 Commiffionibus
2038 2745 2157 2785 nostris,
2184 2755 2242 2778 tam
2262 2747 2298 2779 ad
2322 2749 2418 2786 inqui-

1360 2785 1482 2829 rendum
1504 2785 1676 2816 audiendum
1694 2787 1728 2818 &
1740 2785 1966 2824 terminandum,
1984 2794 2070 2822 quam
2085 2785 2141 2815 aliis
2156 2784 2418 2818 Commiffionibus

1360 2823 1440 2854 Pacis
1462 2823 1557 2855 nostre
1582 2825 1622 2867 in⁴
1636 2823 1715 2855 dieto
1737 2823 1887 2855 Comitatu
1911 2824 2032 2861 Midds',
2051 2822 2269 2862 quibuscunque
2288 2824 2419 2856 Pei-sonis

1359 2863 1481 2893 antehac
1503 2862 1583 2893 factis
1605 2864 1661 2892 live
1675 2862 1851 2900 commiffis,
1868 2869 1915 2893 aut
1928 2861 2116 2899 imposterum
2134 2862 2268 2893 faciendis
2280 2862 2336 2896 five
2350 2862 2417 2895 diri-

1359 2901 1474 2941 gendis,
1489 2901 1523 2944 *in
1537 2901 1620 2931 omni
1635 2901 1685 2931 suo
1703 2901 1806 2933 robore
1819 2909 1999 2942 permaneant
2014 2901 2048 2933 &
2061 2898 2174 2932 effectu.

1397 2938 1431 2970 In
1449 2949 1528 2977 culus
1545 2940 1599 2977 rei,
1617 2939 1678 2970 &c.

1360 3015 1485 3085 ηκῖνὲιξὶε
1507 3014 1593 3054 Rege
1613 3015 1688 3054 apud
1709 3015 1992 3057 Wstmonallerium,
2018 3015 2156 3049 vicefimo
2177 3025 2259 3048 nono
2276 3015 2336 3048 Die
2352 3015 2413 3056 Ja-

294 3140 1329 3163 Μ
1350 3132 1354 3136 .

268 3211 402 3243 Articles
439 3207 502 3241 and
529 3202 716 3248 Instrufiions
738 3203 790 3247 for
817 3201 866 3234 the
893 3199 986 3234 better
1015 3199 1179 3231 Direfflons
1203 3198 1240 3243 of
1255 3199 1323 3231 Our

319 3256 543 3299 Commiffioners
558 3254 612 3300 for
634 3251 682 3285 the
702 3254 867 3284 Execution
885 3250 922 3293 of
933 3247 981 3282 the
1001 3244 1181 3289 Commiffion
1197 3245 1323 3281 herenn-

315 3316 345 3338 to
362 3304 507 3339 annexed.

278 3391 351 3453 IN
371 3391 510 3428 PRiiiirs,
526 3389 591 3420 Our
610 3387 653 3419 w
657 3387 686 3418 ill
701 3385 755 3418 and
771 3384 900 3416 Pleasure
914 3384 952 3420 is,
965 3381 1026 3412 that
1039 3381 1155 3420 diligent
1171 3381 1256 3412 View
1271 3380 1324 3411 and

327 3429 441 3469 [nquiry
463 3431 499 3459 be
520 3428 574 3459 had
597 3426 650 3457 and
672 3424 755 3456 made
775 3424 813 3454 of
823 3423 859 3453 all
879 3430 997 3451 manner
1014 3420 1051 3450 of
1065 3421 1277 3460 Annoyances,
1296 3422 1324 3450 in

275 3468 324 3498 the
336 3468 450 3498 Limitts
462 3467 566 3498 within
581 3462 777 3500 mentionned‚
795 3462 831 3500 by
844 3460 935 3497 Stalls,
952 3459 1211 3498 Slaughterhouses,
1228 3458 1324 3489 Brew-

275 3507 390 3544 houses,
408 3506 514 3536 Smiihs
530 3505 649 3544 Forges,
668 3500 829 3538 Brickkills‚
844 3498 1006 3535 Tilekilles,
1024 3496 1238 3541 Coachhouses‚
1254 3496 1323 3527 Tal-

276 3545 472 3576 lowchandler
495 3543 625 3580 Houses,
648 3541 746 3579 Sinks,
773 3537 891 3576 Vaults,
909 3536 1081 3573 Dunghills,
1106 3534 1272 3580 beystasses,
1289 3544 1324 3564 or

276 3584 296 3613 b
330 3582 454 3614 wantos
464 3581 619 3619 amending
631 3581 680 3611 the
693 3580 882 3614 Pavements‚
901 3575 994 3615 laying
1003 3584 1043 3619 *or
1056 3572 1163 3612 casting
1175 3574 1211 3603 of
1222 3572 1324 3616 Dung,

275 3593 426 3660 (subrige,
447 3630 480 3650 or
498 3629 552 3658 any
574 3620 658 3649 other
674 3617 754 3656 filthy
769 3626 802 3646 or
815 3613 955 3654 noysome
967 3613 1079 3651 things,
1096 3622 1131 3655 or
1146 3615 1183 3649 by
1197 3611 1324 3650 placeing

275 3670 309 3688 or
320 3660 419 3697 setting
434 3660 462 3688 in
478 3659 528 3689 the
544 3657 647 3688 Streets
659 3666 692 3686 or
703 3655 850 3693 Highway
863 3662 917 3693 any
936 3652 1055 3688 Stones,
1073 3650 1211 3688 Timber,
1229 3649 1322 3693 Cans,

275 3697 423 3734 Coaches,
443 3696 558 3727 Veffells
576 3705 609 3725 or
624 3704 677 3732 any
691 3693 773 3724 other
788 3692 899 3730 things,
918 3690 979 3721 that
992 3689 1058 3720 shall
1072 3688 1156 3726 stopp
1170 3697 1204 3717 or
1217 3687 1319 3717 hinder

274 3735 321 3764 the
336 3734 465 3772 Passage,
482 3735 537 3765 and
560 3734 597 3764 of
609 3733 643 3763 all
662 3741 778 3763 manner
792 3731 829 3761 of
843 3730 926 3760 other
944 3729 1134 3767 Annoyances
1144 3725 1319 3757 whatsoever

270 3772 369 3802 which
386 3772 452 3802 ssiall
468 3773 503 3802 be
516 3772 656 3811 noysome
671 3780 705 3800 or
720 3769 870 3800 infections
883 3777 915 3798 to
929 3768 977 3798 the
993 3767 1071 3803 Aire,
1081 3775 1122 3809 ,or
1133 3764 1271 3808 offensive
1284 3773 1319 3795 01

270 3810 460 3840 troublesome
488 3818 519 3839 to
542 3811 704 3846 Passengers
717 3832 726 3845 ‚
748 3809 786 3847 by
813 3806 948 3844 stopping
969 3815 1004 3835 or
1025 3804 1248 3842 straightennmg
1268 3802 1318 3833 the

267 3847 370 3878 Streets
392 3847 482 3877 Lanes
501 3857 535 3876 or
556 3847 696 3885 passages,
712 3846 765 3877 and
785 3846 856 3876 who
869 3845 952 3875 made
965 3854 999 3874 cr
1011 3843 1159 3873 continues
1172 3851 1206 3871 or
1219 3840 1310 3870 main-

264 3887 351 3917 teines
372 3885 419 3915 the
435 3884 508 3914 same
528 3884 734 3923 Annoyances?
750 3883 821 3914 who
843 3883 934 3921 ought
955 3890 988 3914 to
1002 3880 1126 3913 reforme
1145 3880 1194 3911 the
1214 3878 1311 3909 same?

259 3924 314 3957 and
330 3924 388 3955 that
404 3922 451 3953 the
464 3921 538 3952 same
553 3923 587 3953 be
603 3922 775 3963 thoroughly
791 3920 942 3953 reformed.
1182 3955 1252 3988 ΙΤΕ
1263 3964 1291 3988 M

1298 3979 1308 3995 2

1361 3193 1572 3230 InstruEtions
1594 3194 1732 3230 donne'es
1758 3193 1811 3229 sur
1828 3194 1955 3248 lecsujet
1973 3194 2013 3229 de
2039 3193 2169 3230 certaine
2197 3192 2411 3230 commiffion

1812 3252 1969 3287 ci·Jomte.

1364 3377 1465 3439 EN
1475 3382 1591 3418 premier
1609 3378 1660 3408 lieu
1684 3389 1750 3409 nous
1770 3377 1885 3409 voulom
1911 3387 1961 3419 que
1985 3377 2126 3418 l’onfaffe
2136 3388 2188 3409 une
2200 3374 2335 3408 recherche
2346 3375 2411 3405 dili-

1455 3425 1553 3456 gente,
1567 3418 1600 3447 de
1618 3425 1706 3447 toules
1714 3417 1804 3456 sortes
1825 3416 1980 3447 d'enzbaras
2015 3421 2043 3446 ui
2049 3417 2082 3457 se
2099 3422 2268 3447 remontrent
2287 3413 2356 3443 dam
2370 3413 2408 3444 lex

1362 3456 1456 3486 hornes
1478 3458 1615 3495 marque'es
1639 3459 1690 3494 ici,
1706 3465 1762 3495 par
1775 3456 1821 3485 des
1846 3456 1964 3492 Etaux‚
2007 3466 2034 3484 es
2054 3454 2226 3491 Boucheries,
2241 3449 2409 3490 Brafferies,

1361 3496 1455 3532 Forges
1472 3495 1504 3524 de
1515 3492 1690 3524 Mareshaux
1700 3516 1710 3532 ,
1726 3496 1923 3534 Briqueteries,
1938 3493 2082 3532 Tuileries,
2097 3491 2212 3530 Rernifis
2226 3491 2259 3521 de
2273 3489 2410 3559 Carffs,

1362 3532 1486 3572 Massons
1508 3533 1540 3561 de
1558 3531 1734 3562 chandeliers
1745 3554 1756 3570 ,
1778 3534 1883 3569 Egouts
1894 3555 1904 3568 ,
1929 3534 2020 3562 Lieux
2036 3554 2047 3568 ,
2068 3533 2185 3561 Fumim
2198 3551 2208 3568 ,
2232 3527 2330 3568 Leysta
2366 3539 2379 3557 5
2395 3552 2407 3567 ‚

1361 3581 1393 3600 ou
1411 3579 1464 3610 par
1476 3569 1562 3609 faute
1582 3570 1614 3599 de
1633 3572 1741 3608 reparer
1770 3570 1809 3600 les
1830 3572 1919 3609 pave‘i·
1931 3594 1941 3608 ,
1974 3571 2006 3600 de
2023 3570 2113 3608 jener
2138 3566 2310 3598 des‘ordures
2321 3588 2331 3605 ,
2361 3567 2409 3597 des

1361 3608 1494 3649 tripailles
1515 3607 1553 3644 ὠ·
1569 3616 1660 3638 autres
1666 3608 1769 3648 Jblete‘s
1783 3608 1914 3648 nuijfibles,
1924 3607 1963 3644 ἀι
1977 3609 2010 3638 de
2017 3605 2095 3646 poser
2106 3606 2176 3636 dans
2190 3604 2228 3635 les
2239 3615 2300 3634 rues
2316 3615 2348 3635 ou
2353 3605 2407 3644 sur

1361 3647 1400 3676 les
1418 3647 1522 3684 grands
1547 3646 1661 3677 chemins
1681 3646 1806 3687 quelques
1826 3649 1950 3683 Pierres‚
1975 3645 2155 3683 charpmtes,
2173 3643 2336 3683 charettes,
2353 3647 2408 3675 Ca-

1357 3686 1452 3725 roffls,
1471 3692 1610 3715 tonneaux
1627 3696 1661 3715 ou
1674 3693 1766 3715 autres
1779 3685 1824 3714 cho
1839 3696 1866 3715 es
1877 3689 1923 3725 qui
1935 3683 2066 3714 bouchent
2082 3682 2119 3711 les
2128 3681 2265 3721 paffages,
2284 3686 2330 3722 qui
2344 3694 2409 3713 can-

1349 3724 1419 3764 Jent
1435 3724 1481 3753 des
1493 3723 1633 3753 embarras
1646 3734 1679 3754 ou
1692 3725 1726 3754 de
1739 3723 1794 3753 l'in
1809 3725 1897 3752 ec‘i‘ion
1909 3723 1978 3752 dans
1990 3721 2077 3758 I’air,
2095 3731 2129 3749 ou
2143 3727 2235 3751 autres
2248 3719 2336 3791 chilla·
2346 3725 2408 3753 nui-

1347 3761 1432 3803 fibles
1456 3761 1494 3795 ὠ·
1513 3766 1558 3802 qui
1580 3763 1771 3793 incommodent
1783 3771 1848 3791 ceux
1867 3761 2046 3802 quipaffent,
2062 3769 2096 3788 en
2112 3758 2269 3798 {treciffimt
2307 3771 2321 3790 s
2334 3772 2406 3799 rues,

1356 3800 1394 3830 les
1417 3799 1526 3839 defile's‚
1543 3811 1576 3830 ou
1589 3801 1733 3840 paffirgesg
1750 3798 1790 3835 &
1810 3800 1844 3829 de
1861 3809 1926 3829 ceux
1938 3801 1985 3838 qui
1996 3798 2197 3827 entretiennent
2211 3809 2251 3828 ces
2264 3803 2406 3831 incommo-

1356 3840 1446 3877 ὦμεν,-
1463 3842 1509 3880 qui
1521 3839 1635 3869 doivent
1645 3838 1682 3870 les
1695 3841 1821 3881 referor,
1836 3836 1874 3875 ό·
1887 3847 1938 3879 que
1950 3835 2006 3868 l’on
2019 3835 2137 3867 ordonna
2148 3847 2199 3876 que
2208 3844 2270 3870 tout
2282 3838 2340 3870 cela
2349 3838 2405 3878 fiiis

1348 3881 1524 3909 entierement
1538 3877 1647 3909 ritable

2271 3953 2400 3994 inu,
