2536 4255
0 232 144 267 111-

0 274 50 306 ‚28-

13 324 40 350 4.

26 361 34 379 Ι

0 373 48 426 .'4.‘

3 449 8 455 .
27 437 48 455 ι.

4 475 28 500 7.

0 515 14 539 Ι..

0 1112 60 1140 [IX.

5 2460 40 2480 ἓ
5 2423 14 2440 ”“
3 2258 59 2404 ν’-ἓέῖοῇ

657 116 771 157 ΕΤ
856 113 1128 156 ACTA

159 290 208 321 De
232 286 421 332 Restitutione
436 287 657 332 Temporalium
671 296 725 331 pro
746 287 882 331 Episcopo
901 287 1077 330 Carliolensi.

94 373 178 428 RE
190 372 220 403 X
231 396 240 410 ,
259 373 401 404 Escaetori
416 372 465 402 suo
482 372 510 400 in
526 369 679 400 Comitatu
694 369 827 398 cumbria»
838 393 846 407 ,
864 370 999 401 Salutem.

210 411 335 442 Vacante
359 421 445 448 nuper
470 409 531 438 sede
545 408 702 446 Episcopali
718 407 890 448 Carliolenfi,
910 420 956 445 per
971 409 1146 450 Transsatio-

87 458 157 478 nem
179 450 272 481 ultimi
292 449 425 487 Episcopi
449 446 557 476 ibidem
574 446 607 476 ad
626 444 829 484 Episcopatum
849 448 1065 487 Norwicenjem,
1086 451 1144 477 De-

85 498 170 517 canus
191 488 229 523 ὠ·
247 486 403 526 Capitulum
423 484 555 515 Ecclesiae
577 483 752 514 Catliedralis
770 485 937 524 Carliolenfis
952 487 1094 523 praedic‘tae
1111 487 1145 516 li-

87 526 180 558 centia
201 525 295 556 nostra
314 524 398 562 petita
417 524 513 560 pariter
528 524 560 553 &
575 522 710 559 obtenta,
729 523 877 553 Diletstum
894 524 992 554 Nobis
1010 526 1041 555 in
1057 524 1144 555 Chri-

87 564 131 594 sto
155 564 314 594 Barnabarn
337 565 432 592 Potter
448 561 540 592 Sacrae
554 561 726 600 Theologiae
744 561 925 601 Dodtooem,
943 564 971 592 in
985 573 1088 593 eorum
1103 563 1128 593 E

87 603 236 640 piscopum
252 602 284 632 &
302 600 449 631 Pastorem
465 600 615 638 elegerunt.

126 640 186 670 Cui
200 640 313 679 quidem
323 638 465 669 Elcenoni
483 638 648 676 &personae
661 637 698 667 fic
712 637 809 668 eleetae
819 637 943 677 Regium
958 639 1087 669 nostrum
1103 649 1145 668 as-

85 678 193 709 sensum
215 678 397 708 adhibuimus
420 679 453 709 &
471 677 601 707 favorem
618 685 624 704 :
646 675 785 714 ipsiusque
802 676 964 707 fidelitatem
980 677 1080 719 Nobiq
1094 677 1144 707 de-

85 717 173 747 bitam
197 726 249 753 pro
269 716 348 746 tiieio
369 715 539 754 Episcopatu
565 715 741 752 recepimus,
760 715 805 745 Ac
828 714 992 753 temporalia
1018 716 1142 753 ejuidem

84 753 266 792 Episcopatus
288 754 431 792 (exceptis
451 754 589 784 omnibus
612 752 746 783 Maneriis
762 776 770 791 ,
794 755 873 784 terris
890 776 899 790 ,
924 755 1091 784 tenementis
1108 755 1142 784 &

83 793 309 824 hereditamentis
330 803 397 824 cum
421 791 595 830 pertinentiis
611 791 751 828 praedieto
763 791 944 829 Episcopatui
960 792 1067 822 dudum
1083 792 1142 829 spe-

88 832 229 862 <stantibus
252 834 281 862 82:
306 832 521 869 pertinentibus,
543 829 635 860 modo
652 830 679 859 in
697 840 795 860 manus
813 830 921 861 nostras
940 832 1037 870 vigore
1051 830 1144 868 cujus-

84 870 149 900 dam
175 870 264 900 Aeffus
288 870 375 900 Anno
398 869 493 908 Regni
519 867 748 907 praechariffim.e
765 868 876 899 Sororis
892 867 994 899 nostrae
1012 869 1143 899 Elizabe—

89 908 144 938 thae
162 919 249 946 nuper
269 907 382 946 Angliae
402 907 523 946 Reginae
539 906 683 937 defunetae
699 908 793 944 primo
812 908 876 938 inde
890 908 959 938 editi
978 909 1010 938 &
1026 908 1146 946 provisi,

85 948 182 977 eledtis
198 950 230 979 ὃ(
244 948 348 985 capris,
369 946 386 976 fi
402 956 466 984 quie
481 946 645 984 hujusmodi
660 944 721 975 sunt
734 956 767 976 ac
784 946 813 975 in
828 945 979 977 Scaccario
994 946 1093 977 nostro
1108 945 1145 976 de

86 985 227 1016 Recordo
241 985 466 1020 remanentibus)
483 986 508 1015 ei
526 984 697 1015 restituimus
710 994 759 1023 per
776 984 932 1023 praesentes.

126 1024 162 1054 Et
176 1025 241 1054 ideo
257 1025 305 1054 tibi
320 1025 500 1063 praecipimus
516 1023 593 1061 quod
609 1024 725 1062 praerato
734 1022 837 1053 Elesto
851 1024 1014 1061 temporalia
1025 1021 1145 1061 Episco-

87 1071 166 1100 patus
187 1062 312 1101 praedicti*
328 1072 394 1092 cum
411 1062 581 1100 pertinentiis
596 1063 622 1090 in
640 1062 741 1092 Balliva
757 1071 802 1091 tua
825 1062 967 1098 (exceptis
984 1070 1145 1103 praeexcep-

88 1102 139 1137 tis,
159 1112 212 1131 una
230 1112 298 1131 cum
316 1102 334 1120 ³*
353 1101 469 1131 exitibus
483 1101 514 1131 ὃ(
529 1100 662 1139 proficuis
682 1100 747 1130 inde
761 1110 775 1129 a
792 1100 836 1129 die
851 1099 1145 1143 Consectationisosuae

86 1139 229 1177 hucusque
252 1140 446 1177 provenientia
469 1140 523 1169 five
538 1138 690 1169 crescentia
704 1138 804 1175 absque
820 1136 973 1175 Computo
991 1147 1036 1167 aut
1050 1138 1144 1176 aliquo

85 1178 142 1209 alio
158 1180 277 1215 proinde
297 1177 395 1207 Nobis
409 1187 526 1216 quoquo
543 1177 633 1207 modo
650 1176 812 1214 reddendo,
827 1175 964 1207 solvendo
976 1176 1021 1207 vel
1039 1175 1144 1206 facien-

86 1217 125 1246 do
142 1217 198 1247 fine
211 1217 343 1246 dilatione
360 1217 473 1255 liberes,
492 1215 566 1246 salvo
580 1217 639 1253 jure
652 1214 808 1253 cujussibet.

121 1292 210 1323 Teste
230 1292 309 1332 Rege
324 1292 397 1331 apud
416 1291 682 1333 ll‘estnionasterium,
701 1290 839 1321 vicefimo
855 1292 938 1322 tertio
955 1292 1000 1322 die
1016 1293 1127 1321 Martii.

439 1370 491 1398 Per
506 1370 600 1397 Breve
617 1366 650 1396 de
665 1369 784 1397 Privato
800 1366 908 1406 Sigillo,
925 1364 986 1402 &a

104 1444 271 1476 Confimffia
279 1444 375 1475 Brevia
392 1444 550 1483 dirJguntur
561 1442 757 1474 Escaetoribus
776 1444 938 1482 subscriptis
958 1447 987 1475 in
997 1445 1129 1478 Comita-

268 1485 340 1513 ti'bus
354 1483 510 1521 subscriptis
525 1483 575 1511 iub
592 1482 654 1512 data
670 1482 822 1521 sraedffi’ca,
839 1484 968 1515 videlicet
978 1507 989 1522 ,

122 1559 266 1598 Escaetori
273 1557 323 1598 βο
339 1563 366 1588 in
385 1561 521 1589 Comitatu
538 1558 786 1598 VVestmorlandiae,

81 1628 83 1630 ,
120 1599 261 1637 Efiaetori
271 1598 323 1637 fiat
341 1601 370 1627 in
389 1601 527 1626 Comitatu
548 1596 775 1635 Northambriae,

122 1636 265 1675 Eftaetori
274 1636 325 1675 fito
344 1639 374 1666 in
391 1639 531 1665 Comitatu
551 1635 723 1674 Lincolniae,

120 1675 262 1715 Eftaetori
271 1675 322 1714 fito
342 1678 372 1705 in
391 1677 532 1704 comitatu
552 1674 675 1704 Derbiae.

121 1751 158 1782 Et
181 1751 353 1782 Mandatum
368 1750 409 1781 est
425 1750 585 1789 Militibus,
605 1750 697 1781 liberis
709 1750 887 1782 Hominibus
903 1753 936 1784 ὃ(
949 1752 1006 1783 aliis
1024 1752 1141 1783 Tenen-

84 1792 159 1821 tibus
184 1790 219 1821 de
244 1789 416 1827 Episcopatu
433 1789 582 1827 praedieto,
604 1789 683 1827 quod
699 1790 793 1820 eidem
808 1790 911 1821 Eieeto
926 1800 1059 1828 tanquam
1075 1791 1146 1830 Epi-

83 1829 174 1867 scopo
194 1830 226 1859 &
252 1828 385 1859 Domino
408 1827 458 1858 suo
482 1828 511 1858 in
534 1827 680 1858 Omnibus
693 1837 757 1866 quae
774 1829 807 1859 ad
824 1829 1025 1869 Episcopatum
1044 1830 1146 1868 praedi-

81 1868 164 1899 ctum
180 1867 321 1905 pertinent
335 1867 510 1898 intendentes
525 1865 578 1897 sint
593 1867 626 1898 &
643 1866 842 1906 respondentes
853 1877 940 1907 prout
956 1868 1048 1900 decet.

122 1906 158 1937 In
176 1906 255 1943 cujus
270 1905 328 1943 rei,
346 1905 409 1937 &c.

119 1981 211 2013 Teste
229 1990 259 2013 ut
276 1982 364 2022 supra.

292 2111 460 2143 creationes
482 2110 574 2144 Anno
592 2118 699 2155 quarto
715 2110 818 2144 Caroli
827 2113 933 2158 primi.

476 2197 530 2225 Pro
547 2193 650 2224 Thoma
666 2193 766 2234 Aston.

61 2281 69 2290 .
86 2236 144 2290 R
153 2233 179 2265 E
190 2233 240 2272 X,
258 2233 395 2265 vicefimo
408 2234 509 2272 quinto
529 2233 589 2263 Die
602 2232 680 2271 Julii
694 2258 703 2270 ,
721 2234 826 2265 creavit
839 2234 967 2265 Thomam
981 2236 1073 2277 Allan
1089 2236 1144 2268 Ar·

165 2274 306 2309 migerum
321 2274 351 2304 in
367 2272 498 2305 Gradum
512 2273 546 2304 &
559 2272 739 2311 Dignitatem
762 2273 906 2306 Batonetti
928 2275 979 2309 fibi
992 2278 1025 2309 δε
1039 2275 1144 2307 Haere-

85 2309 167 2341 dibus
181 2310 325 2342 Masculis.

1061 2353 1096 2385 P.
1115 2353 1145 2385 8.

434 2428 488 2456 Pro
500 2425 633 2465 Johanne
643 2427 802 2468 Anderson.

120 2461 205 2502 Rex,
224 2464 309 2494 tertio
323 2463 382 2495 Die
397 2464 537 2503 Januarii
549 2488 557 2502 ,
585 2468 689 2499 creavit
703 2466 865 2505 Johannem
880 2468 1028 2508 Anderson
1046 2468 1144 2500 Armi-

105 2503 237 2572 eziiiaeliisn
258 2502 392 2534 Gradum
414 2504 447 2534 ὃς
470 2504 651 2543 Dignitatem
674 2504 820 2538 Batonetti
842 2506 891 2538 fibi
915 2509 948 2540 ὃς
973 2508 1146 2540 Haeredibus

1065 2583 1099 2615 P.
1116 2584 1147 2616 8.

365 2658 420 2686 Pro
432 2655 566 2687 Richardo
581 2660 738 2689 Beaumont
752 2657 857 2689 Milite.

121 2693 203 2732 Rex,
219 2693 453 2731 decimo—quinto
471 2695 529 2726 Die
537 2696 674 2736 Augusti,
691 2699 798 2728 creavit
812 2697 976 2728 Richardum
988 2701 1145 2730 Beaumont

84 2732 218 2803 fflglsigglms
237 2734 267 2764 in
290 2733 424 2765 Gradum
438 2735 473 2766 &
491 2733 671 2775 Dignitatem
692 2735 840 2768 Batonetti
861 2737 911 2768 fibi
927 2738 960 2779 (st
974 2737 1146 2770 Haercdibus

221 2795 228 2802 '
1063 2815 1098 2848 P.
1116 2815 1156 2858 3.,

457 2889 512 2918 Pro
528 2886 664 2926 Johanne
678 2888 780 2920 Bolles.

121 2924 188 2954 Rex
207 2946 216 2962 ,
241 2924 492 2964 vicesimo-quarto
514 2927 572 2958 Die
591 2926 668 2965 Julii
681 2950 691 2965 ,
715 2929 822 2959 creavit
833 2928 997 2968 Johannem
1012 2929 1103 2961 Bolles
1116 2932 1146 2963 in

87 2962 222 2995 Gradum
234 2962 268 2994 &
283 2962 460 3002 Dignitatem
475 2965 621 2997 Batonetti
637 2966 687 2997 fibi
702 2968 736 3000 &
747 2967 917 3000 Haeredibus
932 2969 1073 3001 Masculis.

1066 3007 1100 3039 P.
1116 3009 1147 3041 S.

323 3079 376 3107 Pro
391 3079 534 3120 Mountjoy
547 3080 654 3120 Blunt,
673 3084 790 3113 Domino
808 3082 908 3115 Blunt.

125 3116 191 3147 Rex
207 3140 217 3156 ,
247 3117 332 3148 tertio
356 3117 412 3147 Die
435 3119 552 3158 Augusti
569 3141 578 3157 ‚
601 3122 705 3151 creavit
728 3124 873 3162 Mountyoy
891 3121 980 3152 Blunt
1001 3123 1141 3157 Batonem

86 3156 246 3194 Mountjoye
265 3155 300 3186 de
322 3155 493 3193 Thurveston
509 3179 518 3193 ,
544 3159 572 3186 in
598 3157 731 3189 Gradum
755 3162 788 3191 &
814 3160 997 3197 Dignitatem
1019 3162 1146 3193 Comitis

85 3197 223 3234 Newport
240 3194 270 3236 in
284 3193 375 3225 Insula
390 3195 477 3225 Vectis
497 3195 527 3226 in
542 3194 694 3228 Comitatu
714 3198 909 3238 Southampton
926 3201 977 3232 fibi
992 3201 1025 3233 &
1040 3201 1145 3232 Haere-

85 3233 168 3265 dibus
184 3232 328 3263 Maiculis.

392 3350 446 3378 Pro
464 3349 599 3388 Johanne
616 3350 726 3381 Boteler
740 3351 842 3382 Milite.

123 3387 208 3425 Rex,
227 3386 363 3418 vicesimo
384 3385 442 3417 Die
458 3388 535 3426 Julii
548 3412 556 3425 ,
581 3391 687 3421 creavit
702 3390 864 3429 Johannem
883 3391 993 3422 Boteler
1017 3393 1144 3426 Militem

85 3427 114 3457 in
131 3426 262 3458 Gradum
285 3427 317 3456 &
342 3425 522 3463 Dignitatem
544 3426 660 3458 Batonis
675 3428 786 3459 Boteler
805 3430 842 3462 de
864 3431 1019 3474 Branfield
1038 3433 1098 3465 fibi>
1111 3435 1145 3465 &

86 3464 257 3496 Haeredibus
274 3464 418 3495 Masculis.

428 3582 482 3610 Pro
496 3580 643 3611 lVillielmo
655 3581 805 3622 Culpepper.

122 3616 187 3662 Rex
201 3640 211 3654 ,
235 3618 373 3663 vicesimo
396 3618 455 3650 Die
469 3620 651 3664 Septembrisl,
670 3623 774 3652 creavit
793 3621 972 3654 Willielmum
985 3625 1147 3666 Culpepper,

89 3656 319 3727 ffismlixgffigfflisin
335 3657 466 3690 Gradum
486 3661 519 3691 &
544 3658 725 3697 Dignitatem
741 3659 883 3694 Batonetti
898 3664 949 3694 fibi
961 3664 995 3696 &
1011 3664 1145 3697 l-iaeredi-

1066 3741 1101 3773 P.
1116 3741 1147 3774 S.

454 3813 507 3842 Pro
521 3811 655 3851 Johanne
667 3815 781 3843 Coniers.

124 3847 208 3885 Rex,
225 3846 455 3886 decimo-quarto
471 3850 529 3881 Die
542 3851 635 3889 Julii,
654 3853 758 3882 creavit
776 3851 939 3890 Johannem
953 3857 1062 3885 Coniers
1077 3855 1142 3887 Ge-

39 3877 46 3886 ⁸
85 3887 218 3918 ncrosum
237 3888 266 3916 in
289 3886 421 3919 Gradum
443 3889 477 3920 ὃ(
499 3889 679 3930 Dignitatem
694 3890 837 3922 Baronetti
858 3890 908 3922 sibi
922 3892 956 3923 &
971 3891 1145 3926 Haeredibus

85 3925 228 3957 Masculis.

1062 3968 1096 4000 P.
1114 3970 1145 4002 S.

1130 580 1144 586 ”
1175 578 1245 617 strie
1259 582 1288 610 in
1307 579 1455 612 Comitatu
1472 583 1624 622 Oxonienfi
1637 583 1688 613 sibi
1704 583 1737 614 ὃς
1754 584 1923 616 idaei-edibus
1939 586 2080 619 Masculis.

1213 113 1701 174 PussLt-CA.

2198 143 2213 169 ²
2224 142 2243 183 3

2264 210 2333 241 Anti
2355 211 2397 243 Ι).

1192 312 1197 317 ¹
1228 273 1311 312 Rex,
1330 275 1442 306 decimo
1459 277 1517 321 Die
1534 281 1640 318 Afrilis
1653 304 1662 317 ,
1682 286 1785 314 creavit
1802 285 1926 314 Thomna
1941 291 2096 325 coz-entry,
2118 287 2244 318 Militem
2260 251 2367 324 Αιόῑέ

1189 321 1218 340 ιη
1241 311 1371 355 Οἷεόιιπ]
1395 315 1428 344 δε
1450 315 1627 361 Dignitatem
1652 319 1764 350 Batonis
1785 326 1939 361 coventrye
1957 326 1993 355 de
2006 326 2202 364 Allesborough
2218 328 2247 357 in
2263 330 2324 351 ΠΜ
2345 337 2369 355 ¹-

1188 349 1335 384 Comitatu
1354 353 1398 381 W
1396 355 1537 394 tgormenfi
1551 357 1600 385 fibi
1613 357 1645 387 &
1662 357 1833 390 Haeredibus
1850 361 1989 392 Masculis.

1501 245 1554 272 Pro
1568 242 1671 274 Thomu
1685 248 1822 278 Coventrr
1837 247 1940 277 Milite.

2262 368 2282 390 Γ
2309 376 2311 378 ·
2337 368 2387 392 eri-

2070 401 2104 432 P.
2123 402 2247 442 Regem.
2262 412 2366 437 cauna-

1490 469 1546 497 Pro
1566 468 1670 497 Dudleo
1685 471 1798 500 Domino
1813 472 1951 503 Carleton.
2258 450 2308 505 'Iasio

1222 502 1306 542 Rex,
1325 504 1462 535 vicesimo
1478 507 1579 544 quinto
1594 507 1652 536 Die
1664 507 1758 545 stilti,
1773 512 1879 540 creavit
1895 511 2028 541 Dua'leum
2048 514 2174 545 Carleton
2190 516 2243 546 Ba..
2259 519 2317 543 Pas.
2344 518 2388 544 -νιῐς

1185 550 1288 572 ronem
1311 543 1442 572 Carleton
1460 546 1487 573 in
1513 544 1645 573 Gradum
1668 551 1700 575 ot
1725 545 1903 583 Dignitatem
1921 549 2103 582 Vicecomitis
2119 555 2244 584 Dorche-
2256 553 2363 589 ‘estma-

2258 602 2332 620 nona·

2164 628 2196 659 P.
2214 630 2243 661 S.
2258 634 2306 659 No.
2329 631 2373 661 18.

1458 697 1512 726 Pro
1527 696 1664 726 Rich-ardo
1679 700 1780 726 Comite
1796 697 1986 729 Clanrickard.

1223 732 1290 764 Rex
1303 756 1312 770 ,
1336 734 1473 764 vicesimo
1488 736 1571 765 tertio
1587 735 1646 765 Die
1662 736 1796 775 Augusti,
1811 739 1916 766 creavit
1933 738 2098 769 Richardum
2116 743 2243 772 Comitem
2257 708 2369 776 aasz!

1185 770 1368 802 Clanrickard
1377 774 1406 803 in
1427 772 1559 804 Gradum
1571 773 1605 804 δε
1622 774 1797 813 Dignitatem
1814 773 1940 804 Comitis
1955 776 1990 805 de
2007 780 2048 807 St.
2068 777 2196 809 Albanos
2217 783 2244 811 in
2261 791 2332 808 nona.

1186 809 1336 841 Comitatu
1352 810 1513 850 Hertfordie
1529 821 1598 842 cum
1616 811 1673 842 aliis
1688 812 1847 844 honoribus
1871 813 1921 843 fibi
1936 814 1969 845 &
1984 813 2155 848 Haeredibus
2171 817 2249 849 Mas-
2265 823 2313 847 Νσ.
2332 829 2378 847 ω,

1186 848 1258 879 culis
1274 848 1425 881 Conceffis
1438 851 1468 881 in
1481 850 1589 890 Regno
1604 850 1743 881 Hibernie.
2162 893 2186 925 P
2215 895 2236 927 S

1455 967 1510 995 Pro
1527 965 1644 996 Roberto
1656 965 1806 1007 Cholmeley
1819 969 1982 998 Baronetto.
2269 974 2327 998 Pars
2336 973 2387 999 tri-³·

1223 1000 1305 1039 Rex,
1325 1001 1450 1033 secundo
1464 1004 1520 1034 Die
1535 1004 1629 1042 Julii,
1647 1007 1753 1036 creavit
1768 1006 1915 1036 Robertum
1935 1004 2100 1044 cholmelay,
2119 1007 2250 1040 Batonet—
2265 1009 2368 1045 cesima-

1186 1047 1249 1070 tum
1265 1041 1292 1068 iri
1309 1039 1442 1070 Gnidum
1459 1043 1491 1073 ὃς
1510 1042 1687 1081 Dignitatem
1703 1042 1892 1075 Vicecomitis
1916 1047 1927 1064 ἕ
1950 1044 2100 1083 Cholmcley
2115 1051 2150 1076 ue
2160 1048 2252 1077 Kelles
2267 1057 2330 1075 noim

1186 1078 1218 1107 in
1233 1077 1340 1117 Regno
1356 1079 1485 1110 Hibernie
1499 1080 1549 1111 sibi
1563 1082 1596 1113 &
1610 1081 1780 1113 Haeredibus
1795 1083 1937 1114 Masculis.
2266 1089 2313 1112 No.
2335 1095 2379 1119 ις.

2169 1121 2202 1153 Ρ.
2221 1123 2250 1154 S.
2269 1122 2288 1140 ³*
2299 1124 2378 1151 xix.

1535 1196 1589 1224 Pro
1606 1194 1720 1225 Roberto
1739 1195 1904 1234 Dillington.
2266 1169 2348 1226 ’ζῖπνς
2359 1199 2398 1236 fi'*

1227 1230 1309 1270 Rex,
1328 1229 1407 1262 sexto
1424 1231 1482 1262 Die
1495 1234 1672 1271 Septembris,
1693 1236 1799 1266 creavit
1822 1236 1965 1265 Robertum
1985 1235 2141 1273 Dillington
2155 1238 2253 1269 Armi-
2270 1239 2362 1264 cumia.

1205 1271 1347 1339 eriffilisin
1377 1271 1510 1302 Gradum
1532 1273 1566 1303 &
1589 1271 1766 1311 Dignitatem
1791 1273 1930 1306 Batonetti
1957 1275 2006 1305 fibi
2028 1277 2061 1307 &
2079 1274 2253 1309 Haeredibus
2269 1279 2318 1304 No.
2342 1285 2381 1303 ¹¹<

2165 1352 2199 1384 Ρ.
2218 1354 2249 1386 S.

1489 1427 1542 1455 Pro
1555 1425 1671 1456 Roberto
1686 1429 1804 1456 Domino
1817 1430 1941 1458 Dormer.
2271 1429 2292 1453 P
2292 1437 2334 1454 Μ’
2352 1429 2400 1455 ¹71⁴-

1226 1460 1311 1500 Rex,
1330 1462 1453 1493 secundo
1470 1462 1530 1494 Die
1544 1465 1679 1504 Augusti,
1697 1467 1802 1496 creavit
1817 1466 1961 1496 Robertum
1975 1466 2118 1499 Batonem
2129 1472 2246 1500 Dormer
2267 1464 2371 1501 cefima-

1187 1501 1217 1531 in
1234 1500 1366 1531 Gradum
1391 1503 1424 1532 ὃς
1445 1501 1624 1540 Dignitatem
1642 1504 1827 1534 Vicecomitis
1842 1504 1944 1543 Ascott
1963 1507 1992 1534 in
2008 1506 2159 1539 Comitatu
2176 1512 2249 1538 Buc-
2266 1513 2342 1531 nona.

1189 1539 1361 1577 kinghamie,
1386 1550 1419 1570 ac
1442 1540 1553 1570 ulterius
1575 1543 1679 1572 creavit
1703 1542 1849 1579 praefaium
1872 1543 2017 1574 Robertum
2033 1544 2251 1578 Vicecomitem
2268 1544 2318 1571 ΝΟ·
2336 1541 2366 1570 8·

1190 1577 1293 1647 Affigtt
1311 1579 1485 1648 iQCslrffium
1497 1580 1530 1610 ὅ(
1540 1579 1717 1620 Dignitatem
1727 1580 1854 1611 Comitis
1869 1585 2057 1615 Caernarvan
2070 1584 2122 1616 fibi
2138 1585 2250 1617 &Hae-

1189 1626 1218 1646 te
1239 1626 1246 1646 i
1271 1626 1324 1647 nst
1352 1627 1365 1646 a
1379 1628 1394 1647 c
1436 1627 1458 1647 s.

1228 1767 1307 1806 Rex,
1327 1769 1464 1800 vicefimo
1480 1768 1538 1799 Die
1552 1769 1691 1807 Januarii
1705 1793 1714 1809 ,
1730 1773 1836 1802 creavit
1853 1772 2018 1803 Richardum
2032 1776 2178 1814 Everard,
2199 1777 2252 1807 Ar·
2267 1743 2373 1808 ZZZ-de

1189 1808 1334 1876 ffirlm
1349 1809 1378 1838 in
1396 1808 1531 1840 Gradum
1549 1809 1582 1839 ὅ(
1605 1808 1787 1848 Dignitatem
1804 1809 1950 1843 Batonetti
1963 1812 2014 1843 fibi
2028 1815 2061 1846 &
2077 1814 2248 1847 Haeredibus
2268 1820 2371 1885 quintif,

1273 1857 1289 1877 u
1302 1855 1333 1876 is.
2269 1861 2318 1886 No.
2356 1876 2365 1885 .

2168 1891 2204 1923 Ρ.
2221 1892 2252 1924 8.

1553 1733 1607 1761 Pro
1620 1733 1737 1762 Ricara'o
1751 1734 1891 1764 Everard.

1514 1963 1569 1992 Pro
1584 1962 1686 1993 Thoma
1698 1963 1818 2002 Fairfax
1832 1964 1931 1995 Militi.
2286 1973 2354 1998 Pars

1226 2000 1310 2039 Rex,
1328 1999 1445 2031 decimo
1456 1999 1516 2031 Die
1531 2002 1676 2039 Januaffi,
1692 2005 1799 2034 creavit
1816 2002 1946 2033 Thomam
1962 2003 2082 2045 Fairfax
2096 2030 2105 2046 ‚
2122 2005 2249 2039 Militem
2270 2011 2376 2038 oetam.

1188 2039 1217 2070 in
1236 2039 1369 2070 Gradum
1392 2040 1424 2069 ὃς
1446 2038 1628 2076 Dignitatem
1651 2040 1838 2072 Vicecomitis
1860 2041 1985 2082 Fairfax
2002 2045 2038 2074 de
2061 2046 2198 2085 Emmeley
2220 2048 2251 2078 in
2268 2051 2318 2077 No.
2340 2058 2364 2076 1.

1187 2077 1342 2147 fficmitatu
1356 2081 1504 2118 Tipperary
1517 2079 1545 2109 in
1560 2078 1668 2119 Regno
1684 2080 1818 2112 Hibernie
1830 2079 1880 2110 sibi
1895 2082 1928 2113 &
1946 2081 2117 2115 Haeredibus
2132 2084 2250 2117 Mascu-

2165 2159 2200 2192 P.
2209 2161 2239 2194 S.

1568 2235 1622 2264 Pro
1637 2232 1739 2264 Thoma
1753 2233 1869 2264 Fowler.
2287 2245 2350 2271 Pars

1224 2271 1306 2310 Rex,
1325 2271 1465 2305 vicefimo
1479 2272 1574 2309 primo
1590 2272 1649 2303 Die
1667 2276 1757 2311 Maii,
1784 2274 1886 2316 creavit
1900 2272 2029 2305 Thomam
2042 2275 2149 2307 Fowler
2171 2277 2253 2309 Mili-
2270 2282 2375 2311 ollam.

1184 2318 1255 2381 {2313
1256 2312 1294 2381 sin
1308 2310 1444 2343 Gradum
1457 2310 1490 2343 &
1506 2310 1687 2351 Dignitatem
1704 2311 1847 2344 Batonetti
1868 2313 1918 2343 ubi
1939 2314 1973 2345 &
1986 2313 2156 2354 Haeredjbus
2169 2316 2251 2348 Mas-
2272 2324 2322 2349 No.
2340 2329 2368 2356 7.

1215 2382 1218 2385 '
1269 2373 1276 2380 '
2170 2393 2204 2425 P.
2223 2394 2255 2427 s.

2292 2444 2356 2470 Pan

2275 2482 2379 2512 offam.

2273 2522 2322 2547 No.
2342 2529 2388 2548 ιο.

1541 2429 1595 2457 Pro
1612 2426 1746 2466 Johanne
1759 2428 1897 2458 Fenwick.

1226 2464 1310 2503 Rex,
1328 2475 1410 2496 nono
1426 2465 1486 2495 Die
1499 2465 1601 2504 Junii,
1619 2467 1725 2497 creavit
1740 2466 1902 2504 Johannem
1916 2468 2064 2506 Fenwick‚
2081 2468 2207 2502 Militem
2224 2473 2253 2502 in

1190 2502 1325 2535 Gradutn
1338 2505 1371 2536 ὃς
1390 2504 1566 2544 Dignitatem
1579 2504 1721 2536 Batonetti
1738 2506 1787 2536 libi
1803 2507 1835 2538 ὃς
1850 2505 2021 2538 Haetedibus
2037 2508 2197 2578 Masculis.P
2223 2549 2243 2580 S

1568 2621 1622 2649 Pro
1634 2623 1750 2651 Henrico
1758 2623 1878 2650 Ferrers.
2287 2629 2346 2653 Pars
2360 2625 2404 2661 de·v

1226 2656 1310 2696 Rex,
1329 2658 1543 2688 decimo-nono
1558 2657 1614 2688 Die
1628 2659 1798 2696 Decembr:s,
1815 2660 1921 2690 creavit
1937 2661 2085 2691 Henricum
2099 2665 2209 2694 Ferrers
2222 2665 2251 2695 in
2270 2666 2352 2692 cima-

1191 2695 1324 2728 Gradum
1340 2698 1371 2728 &
1386 2696 1565 2736 Dignitatem
1580 2696 1723 2729 Batonetti
1738 2698 1787 2728 fibi
1801 2701 1834 2730 ὃς
1847 2697 2016 2731 Haeredibus
2032 2700 2192 2770 Masculis.P
2220 2741 2240 2772 S
2272 2706 2378 2769 Zama.

2195 2764 2202 2770 .
2244 2765 2251 2771 .
2299 2752 2322 2769 0.
2347 2752 2371 2771 1ο

1517 2814 1572 2843 Pro
1588 2814 1700 2850 Georgia
1714 2814 1816 2851 Goring
1830 2813 1932 2844 Milite.
2281 2821 2345 2846 Pars
2355 2819 2403 2846 tri-

1227 2849 1309 2888 Rex,
1328 2851 1562 2888 decimo-quarto
1580 2851 1638 2881 Die
1654 2851 1761 2891 Aprilis
1778 2876 1787 2891 ,
1806 2855 1911 2883 creavit
1927 2855 2067 2891 Georgium
2079 2857 2179 2893 Goring
2193 2855 2255 2886 Mi·
2274 2856 2379 2894 cefima-

1191 2889 1271 2920 litem
1286 2891 1314 2920 in
1331 2889 1464 2919 Gradum
1484 2890 1517 2920 &
1534 2889 1712 2932 Dignitatem
1733 2890 1846 2920 Batonis
1860 2895 1963 2929 (ἰωὴ-,5
1985 2896 2020 2923 de
2035 2894 2105 2932 Hust
2119 2896 2254 2935 Perpoynt
2275 2905 2349 2922 nona.

1190 2929 1220 2959 in
1237 2928 1388 2959 Comitatu
1407 2926 1552 2966 Suffi’xiae,
1568 2929 1620 2958 fibi
1636 2930 1669 2960 ὃς
1681 2928 1853 2960 Haeredibus
1869 2929 2012 2961 Masculis.
2272 2937 2320 2961 Na.
2337 2944 2367 2969 4.

2173 2971 2207 3002 P.
2223 2970 2254 3003 S.

1493 3044 1547 3073 Pro
1565 3042 1706 3073 Edwardo
1717 3046 1851 3075 Howard
1861 3044 1964 3076 Milite.
2270 3050 2335 3074 Pars
2346 3047 2395 3075 m*-

1225 3083 1307 3120 Rex,
1327 3081 1503 3113 duodecimo
1521 3081 1579 3111 Die
1593 3082 1721 3121 Aprilis,
1740 3085 1843 3115 creavit
1859 3085 2031 3115 Edwardum
2046 3087 2178 3116 Howard
2187 3084 2250 3116 Mi-
2269 3084 2374 3121 ‘estma-

1189 3123 1269 3153 litem
1290 3123 1320 3151 in
1346 3120 1478 3150 Gradum
1501 3121 1533 3151 δε
1559 3119 1740 3157 Dignitatem
1763 3121 1878 3153 Batonis
1898 3125 2030 3155 Howaerd
2041 3128 2076 3156 de
2091 3124 2201 3163 Efirick
2219 3126 2247 3154 in
2269 3132 2343 3151 nona.

1190 3161 1341 3192 Comitatu
1355 3158 1517 3200 Eboracenfi
1531 3159 1582 3189 fibi
1598 3159 1631 3190 ὃς
1648 3159 1817 3192 Haeredibus
1835 3161 1980 3193 Masculis.
2166 3199 2191 3231 P
2218 3200 2240 3232 S
2266 3165 2317 3190 Na.
2331 3161 2361 3188 6.

1517 3275 1571 3304 Pro
1586 3273 1710 3314 Baptisto
1724 3276 1810 3305 Hicks
1826 3275 1931 3307 Milite.
2270 3276 2332 3302 Pars
2343 3273 2394 3301 m*-

1227 3315 1292 3346 Rex
1308 3337 1319 3353 ,
1343 3313 1447 3352 quinto
1466 3311 1526 3343 Die
1545 3316 1637 3351 Maii,
1668 3316 1776 3345 creavit
1790 3315 1944 3355 Baptzstum
1962 3314 2048 3344 Hicks
2070 3313 2199 3345 Militem
2221 3316 2249 3346 in
2269 3312 2378 3349 cefima-

1191 3355 1325 3387 Gradum
1345 3353 1379 3384 &
1403 3351 1581 3390 Dignitatem
1602 3351 1717 3382 Batonis
1737 3354 1822 3383 Hicks
1835 3355 1872 3384 de
1885 3353 2036 3392 Ilmyngton
2055 3354 2084 3383 in
2101 3353 2248 3386 Comitatu
2270 3361 2346 3379 ”⁰⁷1³-

1192 3395 1327 3425 Warwici
1343 3414 1353 3429 ,
1377 3390 1423 3421 Ac
1445 3391 1529 3420 etiam
1546 3412 1555 3427 ‚
1574 3391 1679 3421 creavit
1692 3391 1864 3422 Edwardum
1880 3391 2018 3422 Batonem
2032 3391 2155 3422 Noellin
2172 3393 2249 3424 Gra·
2265 3393 2316 3418 No.
2334 3392 2363 3425 72¹

1188 3433 1260 3464 dum
1275 3433 1307 3462 &
1323 3430 1505 3467 Dignitatem
1522 3426 1638 3459 Batonis
1651 3430 1735 3459 Hicks
1749 3431 1785 3461 de
1799 3430 1953 3469 Ilmyngton
1966 3430 1994 3458 in
2010 3431 2166 3461 reversione
2180 3431 2246 3470 post

1189 3470 1334 3503 decessum
1356 3468 1465 3506 praefati
1486 3467 1606 3506 Baptisti
1622 3468 1708 3497 Hicks
1732 3468 1779 3499 fibi
1802 3470 1834 3500 &
1849 3467 2018 3498 i-laeredibus
2034 3468 2179 3506 Masculis,
2199 3471 2247 3501 Ac

1189 3510 1303 3542 ulterius
1316 3507 1421 3538 creavit
1437 3505 1586 3543 praefatum
1599 3507 1752 3545 Baptzstum
1766 3508 1849 3536 Hicks
1864 3506 2001 3537 Batonem
2018 3508 2103 3537 Hzcks
2123 3509 2152 3537 in
2170 3507 2248 3538 Gra-

1189 3551 1260 3580 dum
1278 3549 1311 3578 &
1328 3546 1507 3584 Dignitatem
1516 3544 1704 3575 vicecomitis
1718 3545 1852 3582 Campden
1866 3545 1895 3574 in
1911 3542 2059 3576 Comitatu
2077 3545 2247 3586 Gloucqstriae

1188 3589 1306 3620 durante
1321 3585 1396 3619 vita,
1414 3583 1446 3614 &
1461 3582 1527 3620 post
1542 3583 1600 3621 ejus
1615 3584 1763 3615 decessum
1779 3592 1846 3614 tunc
1862 3583 1979 3620 praefato
1994 3582 2097 3614 Baroni
2110 3584 2196 3614 Noell
2209 3585 2247 3615 si-

2169 3658 2203 3691 P.
2221 3660 2253 3693 S.

1180 3627 1219 3658 *bi
1234 3626 1267 3657 &
1281 3622 1454 3656 Haeredibus
1468 3620 1613 3653 Masculis.

1549 3739 1603 3766 Pro
1618 3736 1748 3767 Kenelmo
1759 3735 1892 3774 Jenoure.
2264 3751 2326 3776 Par,
2335 3751 2377 3785 fi-

1222 3778 1306 3816 Rex,
1322 3775 1468 3809 tricefimo
1485 3773 1543 3805 Die
1558 3775 1633 3812 Julis'
1650 3798 1659 3811 ,
1676 3784 1782 3805 creavit
1798 3772 1959 3817 Konelngum
1971 3772 2098 3818 Jenoure,
2110 3774 2193 3806 Armi
2215 3785 2244 3806 e·
2263 3788 2357 3816 cunda.
2374 3782 2376 3784 ’

1187 3827 1251 3849 rum
1268 3820 1295 3847 in
1312 3816 1445 3847 Gradum
1459 3814 1492 3844 δι’.
1510 3813 1687 3852 Dignitatem
1703 3812 1846 3842 Batonetti
1862 3813 1912 3843 iibi
1932 3814 1966 3844 ὃς
1982 3811 2154 3844 Haeredibus
2206 3825 2247 3845 as·
2261 3828 2311 3855 w,
2330 3834 2360 3861 5,

1183 3857 1263 3888 culis.
2170 3890 2202 3922 P·
2221 3891 2251 3924 S·

1549 3967 1603 3995 Pro
1616 3964 1751 4003 Johanne
1763 3963 1882 4005 Jaques.
2282 3978 2344 4002 Pars
2357 3974 2396 4009 [ειΔ

1222 4007 1307 4044 Rex,
1324 4004 1449 4037 secundo
1465 4004 1524 4036 Die
1542 4004 1715 4042 Septembris,
1733 4006 1838 4035 creavit
1848 4001 2011 4042 Johannem
2025 4003 2136 4046 Juquer
2149 4005 2250 4036 Armi·
2266 4012 2358 4039 cunda.

2146 4052 2249 4084 gerum
2265 4053 2315 4077 Νο-
2337 4058 2383 4078 ιο.
