2536 4255
37 147 116 179 Ann.
131 144 175 175 D·
188 159 217 178 re
230 144 403 177 Reverendo
420 143 449 173 in
459 139 583 175 Christo
595 138 672 169 Patri
685 137 822 168 Domino
842 134 965 175 Johanni
980 156 990 173 ,
1006 130 1153 172 {cestrienfi
1174 129 1244 168 Epi-

61 184 149 214 1628·
188 186 284 224 scopo,
728 217 734 221 .
954 212 958 218 ι
1048 211 1062 220 ..

38 228 92 251 Aa.
111 233 139 259 4.
227 223 316 255 Teste
330 221 413 259 Rege
426 217 500 256 apud
519 213 789 255 westmonasterium,
803 213 910 245 offlvo
932 211 977 243 die
1014 209 1072 241 ulu.

40 266 105 289 Car.
132 270 155 288 1.

42 305 91 328 NO-
108 308 143 335 95
148 319 154 326 ·
225 302 342 338 ‘Jacobus
356 296 541 336 Rutherford,
561 294 708 333 Clericus,
729 295 759 325 in
777 293 892 325 Artibus
908 292 1055 332 Magister,
1071 290 1160 322 habet
1175 296 1249 320 con-

190 337 290 374 similes
310 340 412 368 Literas
432 336 559 366 Parentes
574 334 610 364 de
626 333 832 370 presentatione
847 333 880 364 ad
894 332 1064 364 Rectoriam
1081 330 1118 360 de
1137 332 1250 358 Caven-

193 380 258 410 bam
278 379 374 406 Maria
391 373 521 404 Diocefis
538 372 684 402 Lincolm'e
699 381 749 411 per
764 370 998 410 Refignatiouem
1013 368 1058 400 vel
1081 366 1250 407 Ceffionjem

193 417 281 449 ultimi
298 414 493 444 incumbentis
504 411 613 442 ibidem
622 411 682 449 jam
696 418 863 447 vacantem,
881 410 914 440 &
937 409 971 439 ad
994 407 1117 438 nostram
1141 406 1251 443 presen-

194 458 332 487 tationem
349 452 434 488 pleno
450 451 509 488 jure
523 450 718 488 spestantem3
744 449 777 480 &
796 449 955 486 diriguntur
978 447 1015 477 he
1039 446 1134 476 Litere
1154 443 1252 473 Reve-

195 493 284 526 tendo
299 492 326 520 in
343 489 464 519 Christo
478 488 552 518 Patri
568 488 704 518 Domino
722 486 861 524 Johmut,
879 485 1023 516 Lincolnie
1042 482 1197 522 Episcopo.

231 529 323 561 Teste
341 528 424 568 Rege
440 528 516 566 apud
532 523 814 566 IVt’llmonasterium',
829 526 922 564 primo
934 525 979 556 die
995 521 1121 562 Augusti.

233 608 414 646 Benjaminus
434 607 582 638 Barwicke
595 629 605 645 ,
632 605 777 643 Clericus,
801 607 830 636 in
856 604 972 636 Artibus
995 600 1151 645 Magister,
1168 597 1254 630 habet

196 648 360 680 consimiles
384 648 492 678 Literas
519 647 647 677 Patentes
668 646 704 675 de
724 644 927 682 presentatione
955 641 990 672 ad
1021 640 1189 672 Rectoriam
1217 636 1253 667 de

197 686 283 726 msto
301 694 325 715 ts
342 685 473 716 Diocesis
487 684 687 725 Νονωὶιεγψς,
696 684 754 722 jam
768 682 906 722 legittime
920 682 953 712 &
970 680 1006 710 de
1020 680 1083 718 jure
1096 684 1256 713 vacantem,

196 727 230 758 ὃ(
246 736 260 756 a
295 725 420 755 nostram
435 724 670 763 presentationem
685 724 740 752 sive
764 731 813 758 per
843 720 950 758 lapsum
971 718 1105 755 temporis
1128 715 1255 760 sive'per

218 765 362 795 ravitatem
377 763 507 794 Simonie
522 762 574 792 hac
587 763 652 793 vice
667 759 860 798 spectantem,
876 761 909 790 δε
924 758 1080 796 diriguntur
1096 755 1134 784 he
1160 753 1255 796 Litere

196 774 373 834 Reverendo
384 803 414 832 in
430 800 550 831 Christo
567 800 641 831 Patri
664 799 798 831 Domino
823 796 959 834 Samum,
986 792 1159 834 Norwicenfi
1178 791 1255 831 iEpi-

193 843 242 873 sco
262 850 292 871 o.

234 851 326 911 Teste
340 878 425 917 Rege
438 878 514 918 apud
528 875 802 917 westmonasterium,
820 873 937 905 decimo
950 872 1052 911 quinto
1066 870 1111 902 die
1128 867 1256 908 Augusti.

46 628 95 653 No.
112 631 159 658 94.

236 960 368 991 Robertus
382 963 468 997 Carr,
482 958 622 996 Clericus,
636 958 666 987 in
683 956 798 987 Artibus
812 953 964 993 Magister,
990 953 1077 983 habet
1097 949 1256 982 consimiles

200 999 309 1030 Literas
324 999 454 1029 Patentes
467 997 502 1027 de
516 997 716 1035 presentatione
729 994 764 1025 ad
778 994 919 1024 Vicariam
932 992 967 1022 de
985 990 1139 1021 Middleton
1161 991 1256 1032 Tyars,

199 1037 331 1071 Diocesis
345 1035 512 1076 cestrienfis,
531 1045 579 1073 per
596 1043 722 1064 mortem
739 1033 830 1062 ultimi
857 1031 1053 1062 Incumbentis
1075 1029 1183 1059 ibidem
1197 1038 1254 1065 Jatn

199 1084 370 1113 vacantem,
389 1077 421 1106 &
434 1079 467 1105 ad
481 1075 606 1104 nostram
624 1072 856 1109 presentationem
878 1070 962 1107 pleno
978 1070 1041 1107 jure
1065 1067 1255 1106 spectantem,

200 1116 234 1146 &
249 1115 406 1153 diriguntur
423 1113 461 1143 he
476 1112 568 1142 Litere
586 1109 755 1141 Reverendo
772 1110 799 1139 in
815 1108 935 1139 Christo
951 1108 1027 1138 Patri
1048 1106 1185 1138 Domino
1203 1107 1256 1144 Jo-

202 1153 306 1189 hanm',
325 1157 360 1182 ce
383 1151 465 1192 riensi
479 1150 631 1188 Episcopo.

237 1191 328 1223 Teste
372 1200 422 1230 ege
434 1190 507 1228 apud
521 1188 664 1226 Caribury,
681 1186 819 1218 vicefimo
834 1187 929 1225 primo
946 1185 992 1217 die
1009 1183 1138 1224 Augusti.

52 973 100 999 No.
115 977 162 1005 93.

54 1274 104 1299 NO-
120 1278 166 1303 92·
239 1271 374 1303 Micharll
387 1270 499 1301 Roberts
509 1293 518 1308 ,
533 1267 680 1304 Clericus,
699 1268 727 1298 in
743 1267 858 1298 Artibus
872 1265 1029 1306 Magister,
1054 1266 1139 1297 habet
1161 1265 1256 1297 confi-

55 1308 75 1326 *
96 1308 181 1335 XIX·
208 1312 287 1342 miles
306 1311 411 1341 Literas
424 1309 443 1328 ¹*
465 1309 594 1339 Patentes
608 1307 643 1336 de
682 1307 866 1337 resentatione
885 1306 918 1336 ad
945 1306 1086 1336 Vicariarn
1107 1306 1143 1335 de
1166 1303 1259 1335 Llan-

55 1356 102 1383 47·
206 1350 331 1379 badricke
347 1347 475 1379 Diocesis
492 1317 679 1387 Bangorienss
694 1355 742 1382 per
768 1354 894 1375 mortem
916 1344 1007 1374 ultimi
1028 1342 1222 1374 Incumbentis
1237 1344 1261 1373 i-

205 1389 302 1419 bidem
318 1390 375 1426 jam
394 1394 558 1422 vacantem,
576 1386 609 1416 ὅ(
629 1384 662 1414 ad
688 1383 815 1414 nostram
837 1382 1072 1421 presentationem
1094 1382 1180 1419 pleno
1204 1383 1262 1412 'ure

205 1427 221 1457 s
237 1427 393 1461 ediantem3
411 1425 444 1454 ὅς
462 1425 618 1462 diriguntur
633 1422 668 1453 he
684 1422 777 1451 Litere
800 1421 974 1452 Reverendo
995 1423 1025 1450 in
1047 1419 1167 1451 Christo
1209 1421 1261 1451 atri

241 1466 344 1494 omino
360 1462 516 1500 Lodovico,
534 1460 715 1501 Bangorienfi
732 1460 888 1498 Episcopo.

246 1501 335 1533 Teste
350 1500 431 1539 Rege
447 1501 519 1538 apud
532 1501 674 1538 cambray,
692 1499 828 1529 viceiimo
843 1507 925 1529 nono
937 1496 984 1527 die
997 1496 1124 1536 Augusti.

58 1586 106 1612 No.
125 1590 173 1616 9¹-
242 1584 369 1618 Georgiiss
390 1584 515 1618 Harris,
534 1579 679 1616 Clericus,
697 1580 726 1609 in
752 1578 870 1609 Artibus
894 1576 1045 1617 Magister,
1062 1577 1148 1608 habet
1170 1577 1263 1608 confi-

208 1622 288 1651 miles
304 1622 409 1651 Literas
426 1621 556 1649 Parentes
573 1619 607 1649 de
623 1618 825 1658 presentatione
841 1617 874 1648 ad
899 1617 923 1647 V
927 1618 1041 1647 icariam
1058 1617 1152 1647 sancte
1172 1617 1205 1647 &
1223 1617 1264 1646 in-

206 1660 320 1690 dividue
338 1661 483 1688 Trinitatis
501 1659 529 1687 in
549 1656 622 1687 Villa
635 1657 826 1694 Cantabrigie,
844 1655 972 1686 Diocesis
993 1654 1110 1694 Elienfis
1131 1665 1180 1693 per
1195 1653 1266 1685 Ces-

206 1698 315 1729 {ionem
329 1698 423 1729 ultimi
443 1696 638 1727 Incumbentis
655 1695 762 1726 ibidem
774 1696 836 1733 jam
852 1703 1021 1731 vacantem,
1041 1694 1075 1724 ὅ(
1088 1693 1123 1724 ad
1139 1693 1265 1724 nostram

206 1738 440 1775 presentationem
454 1736 542 1773 pleno
553 1735 616 1772 jure
631 1733 824 1771 spe&antem3
842 1732 1042 1771 &diriguntur
1054 1732 1092 1762 he
1102 1731 1196 1763 Litere
1205 1732 1265 1763 Re-

206 1777 332 1806 verendo
348 1778 374 1805 iri
393 1774 512 1805 Christo
530 1773 604 1804 Patri
622 1772 758 1803 Domino
769 1771 919 1811 Johanm'‚
935 1769 1042 1810 Elienfi
1058 1770 1213 1810 Episcopo.

244 1815 333 1847 Teste
349 1815 430 1854 Rege
444 1812 518 1851 apud
534 1811 672 1852 Westbury
683 1834 693 1849 ,
710 1821 791 1841 nono
807 1811 854 1841 die
866 1809 1038 1848 Septembris.

247 1897 385 1935 Philippus
401 1893 474 1924 dela
491 1895 602 1931 Morte,
616 1891 766 1930 Clericus,
784 1892 813 1922 i'n
837 1890 961 1931 Legibus
982 1889 1200 1929 Baccalaureus,
1218 1889 1270 1921 ha-

207 1940 256 1969 bet
269 1934 428 1966 consimiles
445 1933 550 1962 Literas
564 1931 692 1962 Patentes
708 1931 745 1961 de
760 1930 968 1961 Presentatione
989 1928 1024 1960 ad
1048 1930 1214 1960 Rectoriam
1230 1928 1267 1959 de

209 1976 306 2014 Beisby
323 1972 450 2003 Diocesis
463 1969 606 2000 Lincolnie
623 1979 671 2007 pet
685 1978 812 2000 mortem
829 1969 921 1999 ultimi
939 1967 1139 2000 Incumbentis
1161 1967 1269 1997 ibidem

205 2016 264 2053 jam
278 2020 443 2047 vac-antem,
463 2011 495 2041 &
509 2009 543 2038 ad
560 2007 683 2038 nostram
704 2007 942 2038 presentationem
963 2007 1049 2045 pleno
1063 2008 1121 2045 jure
1143 2006 1269 2046 spestan-

208 2063 288 2088 tem;
307 2052 340 2080 δε
355 2051 513 2086 diriguntur
528 2049 565 2078 he
582 2047 676 2077 Litere
691 2046 865 2078 Reverendo
883 2047 913 2077 in
928 2045 1050 2077 Christo
1068 2045 1145 2077 Patri
1162 2044 1270 2076 Domi-

211 2102 251 2124 no
266 2089 417 2129 Johanni‚
437 2086 576 2116 Lincolnie
592 2085 744 2124 Episcopo.

245 2129 334 2161 Teste
348 2127 430 2165 Rege
444 2125 518 2164 apud
534 2123 680 2165 Canbury,
698 2125 775 2156 sexto
790 2123 835 2155 die
848 2123 1018 2163 Septembris.

59 1907 107 1932 No.
126 1911 172 1938 90.

63 2208 114 2234 No.
130 2203 177 2239 89-
246 2210 339 2236 Bruen
357 2207 466 2245 Ryves,
484 2202 632 2240 Clericus,
651 2203 679 2232 in
696 2202 810 2233 Artibus
829 2201 984 2240 Magister,
1003 2200 1090 2233 habet
1111 2200 1272 2233 consimiles

210 2248 316 2277 Literas
336 2245 462 2275 Patentes
476 2241 511 2271 de
525 2241 737 2272 presentatione
753 2240 787 2271 ad
804 2240 975 2271 Reetoriam
988 2240 1088 2271 Sancti
1103 2244 1228 2271 Martini
1242 2242 1271 2271 in

211 2288 237 2316 le
255 2285 357 2323 Vintry
373 2281 506 2316 London,
525 2279 655 2311 Diocesis
670 2279 805 2317 London,
824 2289 873 2318 per
890 2280 1106 2316 promotionem
1130 2279 1272 2317 Johannis

212 2316 291 2362 Lefly
310 2322 393 2352 Sacte
407 2319 569 2356 Theologie
595 2318 761 2348 professoris
781 2317 816 2348 ad
839 2317 1042 2357 Episcopatum
1065 2317 1224 2386 Infslarum
1242 2319 1273 2348 in

214 2363 321 2400 Regno
336 2359 432 2390 nostro
447 2360 531 2387 Scocie
541 2358 602 2394 jam
619 2365 767 2387 vacantem
777 2379 786 2394 ,
801 2358 834 2387 δε
848 2357 882 2386 ad
899 2356 1022 2386 nostram
1032 2356 1086 2387 Pre
1099 2359 1274 2387 entationem

209 2403 273 2441 jure
289 2399 467 2435 prerogative
482 2395 576 2426 nostre
593 2395 683 2434 Regie
696 2395 886 2432 speffitantcm3
907 2395 939 2424 &
956 2395 1118 2433 diriguntur
1140 2395 1178 2425 he
1196 2395 1275 2424 Lite-

214 2451 242 2470 re
262 2436 434 2468 Reverendo
454 2436 483 2465 in
502 2433 622 2465 Christo
637 2435 713 2465 Patri
728 2433 863 2464 Domino
881 2432 1051 2471 Willielmo,
1068 2434 1185 2464 Londim
1207 2432 1277 2472 Epi-

213 2478 262 2508 sco
273 2487 311 2506 πο.

253 2488 341 2546 Teste
360 2513 442 2551 Rege
459 2511 534 2551 apud
551 2510 693 2551 Canbury‚
713 2520 794 2541 nono
807 2509 850 2542 die
866 2510 1033 2551 Septembris.

69 2602 118 2628 No.
135 2595 181 2623 88.
256 2590 423 2622 Willielmus
439 2590 566 2625 Hasket,
584 2588 730 2625 Clericus,
747 2588 775 2618 in
794 2587 912 2618 Artibus
926 2586 1083 2626 Magister,
1102 2587 1187 2619 habet
1202 2597 1275 2618 con-

220 2631 321 2662 similes
339 2630 441 2659 Literas
458 2628 585 2657 Parentes
600 2627 636 2657 de
652 2627 855 2665 presentatione
872 2626 906 2656 ad
922 2626 1088 2656 Rectoriam
1105 2626 1140 2657 de
1162 2629 1277 2665 Maper—

219 2679 284 2707 ton,
304 2667 434 2699 Diocesis
450 2665 639 2705 Bathonienfis
651 2667 683 2695 δε
698 2663 834 2704 {Vellenfis
843 2665 902 2702 jam
916 2665 1040 2703 legitime
1054 2666 1087 2697 ὃς
1103 2664 1139 2695 de
1150 2665 1214 2702 jure
1228 2674 1277 2694 va-

218 2717 349 2745 cantem,
368 2707 400 2737 &
413 2705 447 2735 ad
462 2703 584 2734 nostram
599 2703 831 2740 presentationem
849 2713 897 2740 per
905 2705 1071 2740 pravitatem
1085 2703 1214 2733 Simonie
1221 2703 1276 2732 hac

219 2749 283 2778 vice
297 2745 485 2783 spec-latitem,
505 2744 538 2772 δε
553 2742 709 2780 diriguntur
730 2742 770 2771 he
791 2741 887 2771 Litere
911 2741 1082 2771 Reverendo
1103 2742 1132 2770 in
1155 2739 1275 2770 Christo

219 2785 296 2816 Patri
311 2784 446 2814 Domino
458 2781 618 2817 Leonas-do,
634 2779 816 2818 Bathonienfi
827 2780 860 2809 ὃς
877 2779 1004 2818 Wllenfi
1016 2779 1170 2818 Episcopo.

254 2823 344 2856 Teste
363 2822 446 2861 Rege
460 2819 533 2858 apud
548 2819 689 2858 Canbury‚
707 2818 881 2849 duodecimo
895 2818 942 2848 die
956 2817 1126 2856 Septembris.

72 2906 122 2930 Na.
139 2901 185 2936 87.
258 2898 455 2938 christopherus
467 2895 596 2936 Tysdale,
616 2894 760 2932 Clericus,
778 2895 806 2924 in
816 2894 928 2925 Artibus
942 2893 1095 2932 Magister,
1113 2895 1278 2925 habetcon-

222 2940 323 2971 similes
339 2937 444 2967 Literas
459 2936 589 2966 Parentes
602 2934 637 2964 de
652 2933 853 2972 presentatione
867 2932 900 2962 ad
916 2931 1094 2963 prebendam
1110 2935 1143 2965 ὃς
1166 2932 1278 2963 Recto-

220 2981 294 3009 riam
312 2976 347 3006 de
361 2974 510 3004 Buckland
521 2972 649 3003 Denham
664 2974 694 3002 in
711 2970 873 3002 Cathedrali
888 2970 1014 3002 Ecclesia
1033 2971 1159 3011 Wellensi
1166 2971 1278 3002 Dioce—

222 3017 257 3048 sis
276 3013 465 3046 Bathoniensis
479 3013 511 3043 &
527 3011 678 3051 Wellenfis,
695 3019 744 3046 per
763 3018 888 3040 mortem
909 3010 1001 3039 ultimi
1018 3009 1215 3041 Incumbentis
1228 3010 1280 3039 ib‘·

225 3057 292 3086 dem
302 3054 364 3091 jam
373 3059 521 3082 vacantem
538 3073 548 3088 ,
572 3049 650 3082 &ad
663 3048 787 3078 nostram
800 3048 1033 3086 presentationem
1041 3049 1281 3079 rationevacatio-

224 3096 267 3125 nis
283 3091 362 3123 Sedis
378 3088 549 3128 Episcopalis
564 3086 750 3125 Bathonienfis
767 3087 800 3117 &
817 3085 948 3126 Wellenfis
965 3095 1035 3117 tunc
1056 3097 1126 3118 cum
1142 3087 1279 3117 morietur

219 3134 335 3164 u'timus
351 3126 533 3162 Incumbens)
556 3127 608 3156 hac
622 3127 685 3156 vice
699 3125 901 3162 &pestantem3
920 3125 1171 3164 &dirigunturlihe
1187 3125 1280 3156 Litere

229 3168 403 3201 Reverendo
426 3167 455 3196 in
477 3164 599 3196 Christo
620 3164 696 3195 Patri
718 3163 851 3193 Domino
872 3164 1035 3202 Leonardo,
1053 3162 1228 3201 Bathom'enfi
1248 3164 1282 3194 δε

229 3206 353 3248 Ινείίεηβ
370 3206 523 3244 Episcopo,

262 3247 351 3278 Teste
365 3245 448 3284 Rege
462 3252 493 3274 ut
505 3242 592 3280 supra.

269 3326 398 3353 Henricus
414 3321 515 3357 Croke‚
535 3317 678 3355 (Ἀρτίως,
699 3315 784 3347 Sacre
797 3316 963 3355 Theologie
982 3315 1217 3353 Bacchalaureus,
1235 3317 1287 3347 ha-

228 3365 277 3394 bet
295 3361 453 3393 consimiles
468 3360 573 3390 Literas
585 3355 715 3386 Patentes
731 3356 767 3385 de
783 3356 988 3393 presentatione
1001 3356 1035 3384 ad
1052 3355 1231 3385 Prebendam
1250 3356 1287 3384 de

230 3401 326 3431 Combe
336 3402 421 3429 tercia
440 3400 470 3428 in
485 3395 608 3427 Ecclesia
625 3393 786 3424 Cathedrali
804 3393 926 3432 Wellenfi
941 3393 1070 3423 Diocesis
1092 3392 1285 3432 Bathom'enfis

232 3443 265 3470 ἅ
284 3437 421 3476 [Vellenfis
434 3445 482 3475 per
504 3434 716 3471 promotionem
734 3433 872 3461 Leonardi
891 3434 1008 3466 Mawe,
1025 3431 1109 3461 Sacre
1119 3432 1286 3467 Theologie

233 3477 400 3509 professoris
421 3475 512 3505 ultimi
541 3471 740 3502 incumbentis
761 3470 869 3500 ibidem
889 3470 924 3498 ad
952 3469 1155 3507 Episcopatum
1178 3469 1286 3499 Batho-

235 3516 349 3555 περίβη
362 3516 396 3546 &
414 3510 570 3550 Wellmzsem
585 3518 752 3545 vacantem,
770 3508 844 3538 &ad
861 3507 984 3538 nostram
1001 3508 1286 3544 presentationemju-

232 3566 261 3585 re
275 3554 451 3592 prerogative
467 3551 587 3580 Corone
601 3547 696 3578 nostre
712 3546 807 3582 Regie
823 3546 877 3575 hac
891 3547 956 3575 vice
975 3545 1147 3582 spectantem
1157 3568 1167 3583 ,
1185 3548 1219 3577 ὃς
1241 3546 1285 3576 di-

233 3596 356 3629 riguntur
371 3593 406 3622 he
418 3590 513 3620 Litere
530 3586 702 3617 Reverendo
716 3586 745 3615 in
760 3584 879 3615 Christo
891 3583 968 3615 Patri
982 3583 1123 3614 Domino
1132 3585 1285 3622 Leonardo,

237 3628 410 3670 Bathoniensz
430 3630 463 3660 &
478 3624 600 3665 Wellenfi
616 3624 772 3663 Episcopo.

271 3669 359 3699 Teste
378 3669 459 3706 Rege
475 3665 602 3701 utsupra.

81 3338 131 3363 No,
149 3332 195 3360 36.

270 3744 383 3774 Thon-:as
398 3747 508 3779 Crame,
528 3740 669 3777 Clericus,
688 3738 771 3770 Sacte
785 3736 949 3776 Theologie
971 3734 1184 3773 Baccalaureus,
1203 3736 1287 3766 habet

234 3783 392 3812 consimiles
408 3782 511 3811 Literas
526 3778 655 3809 Patentes
663 3778 698 3808 de
710 3776 913 3815 presentatione
926 3774 961 3805 ad
977 3773 1148 3805 Rectoriam
1164 3776 1199 3805 de
1214 3774 1286 3813 W’ll

236 3820 362 3855 multon,
382 3818 510 3848 Diocesis
522 3816 704 3854 Norwicensis
719 3825 768 3853 per
782 3822 905 3844 mortem
921 3814 1013 3843 ultimi
1030 3812 1222 3843 Incumbentis
1234 3814 1289 3842 ibi-

233 3860 299 3887 ‹iem
312 3859 366 3894 jain
383 3865 527 3885 vacantem
539 3878 548 3892 ‚
566 3856 599 3885 ὃς
613 3855 647 3883 ad
662 3854 789 3884 nostram
799 3853 1034 3890 presentationem
1055 3852 1140 3888 pleno
1152 3852 1215 3889 jure
1227 3852 1287 3890 spe—

233 3898 377 3931 (taiitem,
396 3896 428 3924 ὃς
445 3894 600 3931 diriguntur
616 3893 652 3922 he
670 3892 764 3922 Litere
781 3890 957 3923 Reverendo
972 3889 1286 3922 inChristoPattiDo-

232 3944 313 3965 nuno
329 3931 444 3963 Snmueli
455 3953 465 3969 ‚
482 3930 649 3968 Norwicenfi
662 3929 818 3968 Episcopo.

85 3761 133 3787 so.
150 3757 196 3794 ες,

624 41 1434 94 CONVENTIONEsg

1495 30 1905 89 L1TERAE,⁴

1317 127 1408 175 'Teste
1422 126 1505 166 Rege
1519 126 1593 165 apud
1607 123 1883 165 westmonasterium,
1901 120 2039 154 vicesimo
2053 123 2156 161 quinto
2169 122 2216 155 die
2225 125 2344 164 Septem·
2370 120 2449 153 Ann.
2462 123 2508 156 [κ

1282 168 1347 198 brts.
2366 161 2488 236 pat-6233.

1319 243 1468 283 Johannes
1482 244 1575 281 Toms,
1592 240 1724 272 Clericus
1735 264 1745 278 ,
1763 240 1791 270 in
1809 238 1922 270 Artibus
1943 236 2099 276 Magister,
2116 238 2343 270 habetconfimi·
2370 242 2433 268 Car.
2457 248 2482 267 ι.

1286 282 1325 312 les
1339 282 1447 312 Literas
1460 280 1590 311 Parentes
1604 280 1639 311 de
1662 279 1866 317 presentatione
1880 278 1913 307 ad
1929 276 2069 307 Vicariam
2085 276 2182 306 Sansti
2199 277 2344 308 Michaelis
2370 280 2420 305 No.
2434 276 2481 312 84.

1284 322 1315 351 in
1337 319 1411 350 Villa
1427 319 1557 348 Southam
1576 327 1643 356 ton,
1663 317 1796 348 Diocesis
1816 315 2025 355 ld⁷inr071ienfis‚
2043 324 2092 352 per
2112 314 2346 354 Resignationem

1286 358 1331 389 vel
1347 357 1514 388 Ceffionem
1531 367 1548 386 u
1562 357 1625 387 timi
1647 355 1845 387 incumbentis
1867 355 1975 385 ibidem
1990 354 2050 392 jam
2073 361 2242 392 vacantem,
2259 355 2293 384 δε
2309 354 2346 385 ad

1286 396 1413 427 nostram
1430 395 1663 433 presentationem
1681 395 1767 432 pleno
1781 394 1843 430 jure
1862 393 2053 430 spectanterm
2073 393 2106 423 &
2128 391 2284 428 diriguntur
2309 392 2348 422 he

1287 435 1384 502 Litesre
1402 433 1576 464 Reverendo
1590 434 1619 462 iu
1634 432 1752 463 Christo
1767 432 1844 462 Patri
1858 431 1995 462 Domino
2010 430 2146 468 Ricardo,
2166 432 2208 459 W
2208 430 2353 470 intonienfi

1291 473 1516 548 EpTgsssgoRege
1531 508 1605 549 apud
1621 507 1900 547 Wslmonasterium,
1916 506 2042 539 secundo
2057 506 2103 538 die
2119 506 2254 537 OHobris.

1326 587 1345 607 '¹‘
1361 586 1510 626 Johannes
1526 585 1659 626 Jefferie,
1676 584 1820 622 Clericus,
1840 584 1870 613 in
1880 582 1995 614 Artibus
2012 583 2167 623 Magister,
2186 584 2270 615 habet
2278 593 2351 615 con·
2374 575 2395 596 ⁸*
2418 578 2501 608 XIX·

1291 625 1392 656 similes
1408 626 1511 656 Literas
1528 626 1657 656 Patentes
1672 625 1709 654 de
1731 621 1935 660 presentatione
1951 622 1986 652 ad
2013 622 2152 653 Vicariam
2175 623 2211 654 de
2233 622 2347 664 Ramsey
2372 615 2423 652 43·

1292 663 1423 695 Diocesis
1438 662 1572 702 London,
1591 673 1639 700 per
1657 670 1779 692 mortem
1795 661 1884 691 ultimi
1902 659 2099 691 Incumbentis
2111 660 2221 692 ibidem
2235 662 2289 699 jam
2302 672 2350 692 va—
2371 658 2421 683 No.
2443 654 2489 692 83·
2504 661 2507 685 ἶ

1292 711 1424 740 cantem,
1443 703 1475 733 &
1490 702 1523 732 ad
1541 702 1666 732 nostram
1683 700 1915 738 presentationem
1933 699 2017 736 pleno
2031 699 2096 736 jure
2110 699 2297 736 spectantem·
2316 700 2350 730 ὃς

1290 741 1446 780 diriguntur
1458 741 1496 771 be
1513 740 1606 771 Litere
1623 739 1794 771 Reverendo
1810 739 1839 767 in
1855 737 1973 768 Christo
1988 737 2066 768 Patri
2082 736 2215 768 Domino
2229 723 2352 768 Wisltel-

1294 789 1354 815 mo,
1373 779 1490 809 London
1507 778 1664 817 Episcopo.

1328 816 1419 849 Teste
1432 817 1514 856 Rege
1528 818 1602 855 apud
1620 815 1893 856 Westmonasterium,
1909 815 2029 853 septimo
2045 813 2092 845 die
2110 813 2244 844 octobris.

2352 78 2357 94 Ι

1330 893 1480 933 Johannes
1491 893 1630 933 Simpsbn‚
1649 891 1796 931 Clericus,
1815 893 1844 922 in
1864 892 1979 923 Artibus
2003 890 2158 931 Magister,
2176 890 2263 921 habet
2277 901 2351 922 con·
2374 894 2424 920 No.
2443 891 2490 927 827

1292 931 1392 962 fimiles
1411 932 1516 962 Literas
1531 931 1659 962 Parentes
1670 931 1707 960 de
1721 931 1925 967 presentatione
1946 930 1983 961 ad
2000 929 2143 961 Vicariam
2169 930 2204 960 de
2226 930 2352 969 Steukley

1292 971 1355 1001 alias
1370 970 1476 1010 Stutely
1494 969 1625 1000 Diocesis
1639 967 1800 1005 Lincolnie‚
1819 979 1867 1006 per
1884 969 2108 1005 promocionem
2123 968 2352 999 Ricardicorbett

1292 1009 1379 1040 Sacre
1392 1009 1557 1048 Theologie
1573 1007 1736 1039 professoris
1755 1007 1844 1037 ultimi
1861 1006 2055 1037 incumbentis
2068 1008 2173 1037 ibidem
2185 1008 2238 1037 ‘arn
2247 1017 2351 1041 vacan-

1293 1056 1369 1086 tem,
1387 1049 1420 1080 &
1437 1047 1471 1078 ad
1487 1046 1612 1077 nostram
1626 1045 1863 1083 presentationem
1877 1045 1941 1082 jure
1962 1046 2138 1083 prerogative
2212 1055 2281 1077 rone
2297 1056 2352 1076 no-

1295 1086 1350 1117 stre
1366 1086 1459 1122 Regie
1475 1085 1528 1116 hac
1547 1086 1612 1115 vice
1625 1084 1815 1121 spe&antem;
1835 1084 1868 1114 &
1883 1083 2042 1119 diriguntur
2055 1085 2090 1113 he
2099 1083 2194 1114 Litere
2203 1083 2354 1117 Reveren—

1295 1125 1336 1156 do
1353 1125 1381 1155 in
1399 1123 1518 1155 Christo
1538 1122 1611 1154 Patri
1626 1123 1762 1154 Domino
1775 1120 1921 1160 Johanni,
1939 1120 2079 1151 Lincolnie
2091 1120 2245 1161 Episcopo.

1296 1163 1422 1232 &Teste
1436 1162 1523 1201 Rege
1541 1161 1616 1201 apud
1643 1159 1917 1201 Westmonasterium,
1933 1159 2068 1191 vicefimo
2089 1161 2184 1199 primo
2205 1160 2252 1193 die
2272 1163 2355 1192 oero-

1329 1213 1361 1233 rs.

1335 1278 1484 1317 Johannes
1500 1277 1600 1318 Forby‚
1619 1276 1765 1314 Clericus,
1783 1275 1868 1308 Sacre
1885 1274 2050 1319 Theologie
2073 1274 2290 1314 Baccalaureus,
2306 1275 2358 1307 ha·
2379 1278 2428 1304 No.
2443 1273 2490 1303 8¹2

1298 1317 1348 1348 bet
1365 1317 1522 1348 consimiles
1544 1318 1651 1348 Literas
1673 1316 1804 1346 Parentes
1825 1314 1860 1344 de
1879 1315 2082 1352 presentatione
2101 1315 2136 1344 ad
2159 1314 2301 1346 Vicariam
2319 1315 2357 1346 de

1299 1355 1424 1395 Steukley
1442 1354 1567 1387 Ecclesie
1580 1355 1615 1386 de
1636 1353 1808 1392 Attleburgh
1828 1353 1958 1383 Diocesis
1979 1352 2165 1393 Norwicenfis
2181 1363 2240 1392 jam
2257 1353 2359 1393 legitti-

1303 1403 1351 1424 me
1369 1396 1402 1426 &
1417 1393 1453 1424 de
1460 1395 1524 1432 jure
1539 1402 1704 1431 vacantem,
1723 1393 1756 1423 ὃς
1770 1392 1803 1422 ad
1821 1391 1949 1422 nostram
1971 1392 2208 1428 presentationem
2231 1401 2280 1429 per
2300 1392 2359 1430 lap—

1300 1433 1362 1463 sum
1378 1434 1514 1470 temporis
1528 1432 1582 1463 hac
1597 1433 1661 1463 vice
1675 1431 1867 1468 spectantem,
1883 1430 1915 1460 &
1928 1429 2085 1467 diriguntur
2100 1429 2137 1460 he
2150 1430 2241 1461 Litere
2259 1430 2358 1462 Reve-

1301 1470 1393 1502 rendo
1409 1472 1438 1500 in
1454 1470 1572 1501 Christo
1586 1470 1659 1502 Patri
1676 1469 1809 1500 Domino
1822 1467 1956 1506 Samueh,
1973 1467 2147 1508 Norwicenfi
2158 1468 2313 1508 Episcopo,

1304 1507 1426 1578 &geste
1435 1509 1518 1548 Rege
1531 1509 1606 1548 apud
1625 1506 1901 1548 Westmonasterium,
1919 1506 2060 1539 vicesimo
2078 1508 2201 1546 septimo
2217 1508 2263 1539 die
2278 1508 2361 1539 octo-

1336 1625 1474 1670 ·Ricardus
1487 1627 1590 1664 Snygg‚
1607 1622 1753 1662 Clericus,
1772 1624 1802 1653 in
1811 1622 1924 1667 Artibus
1935 1620 2087 1662 Magister,
2100 1622 2186 1655 habet
2200 1623 2362 1655 consimiles
2383 1630 2433 1656 No.
2447 1626 2494 1655 8ος

1306 1663 1414 1695 Literas
1430 1663 1562 1694 Parentes
1578 1663 1614 1694 de
1627 1662 1833 1701 presentatione
1844 1661 1878 1692 ad
1887 1660 2031 1691 Vicariam
2040 1661 2076 1691 de
2091 1662 2184 1692 Worle
2198 1663 2262 1693 alias
2277 1666 2362 1693 War-

1304 1701 1329 1732 le
1346 1701 1478 1733 Diocefis
1491 1700 1682 1742 Bathom'enfis
1697 1702 1731 1733 &
1750 1699 1888 1739 Wllenfis
1904 1709 1951 1737 per
1960 1699 2127 1731 Ceffionem
2138 1700 2230 1732 ultimi
2244 1700 2362 1733 Incum-

1304 1741 1399 1772 bentis
1413 1740 1522 1771 ibidem
1531 1741 1592 1779 jam
1609 1747 1780 1776 vacantem,
1798 1740 1830 1769 &
1847 1738 1883 1768 ad
1896 1737 2022 1769 nostram
2041 1738 2289 1775 praesentationem
2299 1740 2360 1778 ple-

1303 1777 1909 1856 ἓὲἐῗῖῧὲξῗξῗῗὲῗέἒῖιέἛὸῗοῗὶέἳῗ
1916 1776 2363 1855 [έῗεὶἧῖῗεῑῗὲἓὲἓξέοο“”ῑῆο

1831 1833 1838 1844 ι
1867 1828 1885 1845 71
2253 1838 2261 1846 ι

1306 1855 1431 1927 &Teste
1448 1855 1531 1895 Rege
1546 1855 1621 1894 apud
1640 1859 1688 1885 We
1712 1853 1918 1894 monasterinm,
1940 1853 2076 1886 vicesimo
2092 1854 2198 1887 octavo
2219 1854 2264 1886 die
2285 1855 2366 1885 0630-

1339 1905 1370 1926 rs.

1344 1973 1459 2004 Thomas
1473 1974 1658 2013 Ncwcomen',
1677 1970 1826 2011 Clericus,
1842 1973 1871 2004 in
1891 1969 2007 2004 Artibus
2024 1971 2180 2011 Magister,
2195 1971 2281 2004 habet
2297 1978 2371 2003 con-
2390 1980 2441 2006 No.
2453 1979 2501 2013 79³,

1308 2012 1408 2044 ssmiles
1425 2014 1532 2045 Literas
1546 2014 1675 2045 Patentes
1693 2013 1728 2043 de
1743 2013 1950 2051 presentatione
1967 2012 2001 2043 ad
2016 2011 2186 2043 Rectoriam
2196 2011 2371 2042 SancteTri-

1308 2054 1409 2082 nitatis
1424 2053 1453 2082 in
1467 2052 1607 2092 colcestria
1616 2051 1746 2083 Diocesis
1761 2051 1878 2082 London
1886 2073 1895 2089 ,
1903 2060 1951 2088 per
1960 2050 2129 2081 Ceffionem
2139 2050 2232 2081 ultimi
2250 2049 2370 2081 Incum-

1309 2091 1402 2120 bentis
1418 2091 1525 2121 ibidem
1540 2092 1602 2130 jam
1616 2098 1764 2121 vacantem
1774 2113 1784 2128 ,
1800 2091 1833 2121 &
1847 2088 1882 2120 ad
1897 2088 2023 2120 nostram
2036 2088 2268 2126 presentationem
2283 2088 2371 2125 pleno

1306 2129 1371 2167 jure
1387 2128 1579 2167 spectantem,
1597 2129 1630 2160 δε
1651 2129 1809 2167 diriguntur
1826 2128 1866 2158 he
1889 2127 1984 2159 Litere
2006 2127 2181 2159 Reverendo
2198 2128 2230 2158 in
2252 2126 2371 2158 Christo

1308 2168 1386 2199 Patri
1403 2167 1540 2198 Domino
1557 2166 1725 2205 Wi‘llielmo,
1747 2166 1863 2196 London
1876 2165 2030 2204 Episcopo.

1348 2205 1439 2237 Teste
1453 2206 1537 2246 Rege
1552 2205 1625 2244 apud
1647 2204 1924 2246 Weslmonasterium,
1942 2205 2063 2243 septimo
2073 2204 2120 2235 die
2134 2204 2311 2236 Novembris.

1358 2283 1518 2314 Willielmus
1534 2283 1663 2321 Roberts,
1685 2281 1833 2320 Clericus,
1856 2281 1940 2313 sacre
1961 2281 2125 2321 Theologie
2144 2281 2305 2321 Professor,
2322 2281 2374 2313 ha·
2393 2284 2443 2310 Νο.
2459 2279 2503 2316 7⁸.

1312 2324 1362 2354 bet
1379 2322 1541 2353 consimiles
1557 2322 1666 2353 Literas
1681 2321 1810 2352 Patentes
1824 2321 1860 2351 de
1875 2321 2084 2359 presentatione
2096 2320 2130 2351 ad
2145 2320 2316 2352 Ree‘toriam
2335 2320 2372 2350 de

1313 2361 1459 2392 Barcombe
1475 2360 1607 2391 Diocesis
1623 2359 1786 2400 cicestrenfis
1796 2369 1844 2396 per
1860 2359 2075 2398 resignationem
2088 2359 2184 2390 ultimi
2196 2358 2379 2389 Incumben-

1315 2402 1348 2430 tis
1364 2399 1472 2430 ibidem
1484 2400 1544 2437 jam
1561 2407 1730 2437 vacantem,
1750 2399 1783 2428 ὅ(
1798 2398 1832 2428 ad
1847 2397 1970 2428 nosti-am
1985 2399 2219 2435 presentationem
2234 2396 2319 2435 pleno
2324 2396 2372 2434 ju-

1313 2449 1342 2469 re
1359 2438 1553 2475 spectantem,-
1573 2438 1607 2468 &
1621 2437 1779 2475 diriguntur
1793 2436 1829 2467 he
1843 2436 1939 2467 Litere
1956 2436 2128 2467 Reverendo
2142 2436 2173 2464 in
2187 2432 2302 2464 Christo
2317 2434 2372 2464 Pa·

1317 2478 1351 2508 tri
1371 2476 1507 2507 Domino
1522 2475 1655 2515 Ricardo,
1673 2474 1826 2515 cicestrensi
1841 2474 1993 2512 Episcopo.

1349 2514 1439 2546 Teste
1454 2515 1537 2555 Rege
1563 2513 1638 2554 apud
1655 2511 1924 2552 Westmonasterium,
1945 2512 2063 2549 septimo
2077 2509 2122 2541 die
2136 2509 2313 2541 Novembris.

1347 2592 1487 2623 Gerardus
1503 2592 1601 2628 Prior,
1620 2588 1768 2626 Clericus,
1784 2587 1868 2618 habet
1882 2586 2040 2617 consimiles
2061 2586 2167 2618 Literas
2184 2588 2317 2619 Parentes
2336 2587 2374 2620 de

1311 2631 1512 2669 presentatione
1527 2629 1561 2658 ad
1576 2629 1715 2659 Vicariam
1729 2627 1765 2656 de
1780 2625 1932 2664 Sandhurst
1947 2625 2077 2657 Diocesis
2087 2626 2299 2666 Glaucestrienfis
2311 2628 2372 2665 jam

1312 2671 1450 2707 legittime
1464 2669 1497 2699 &
1513 2667 1549 2697 de
1562 2667 1625 2704 jure
1641 2668 1807 2701 vacantem,
1827 2666 1861 2695 &
1875 2664 1910 2694 ad
1928 2663 2051 2695 nostram
2065 2665 2300 2703 presentationem
2318 2675 2368 2702 per

1312 2707 1419 2746 lapsum
1435 2706 1572 2746 temporis
1587 2705 1642 2735 hac
1653 2705 1715 2734 vice
1734 2703 1924 2742 speetantem3
1942 2703 1975 2733 &
1989 2703 2148 2743 diriguntur
2161 2704 2198 2734 he
2207 2704 2301 2735 Litere
2310 2703 2373 2734 Re-

1313 2745 1439 2777 verendo
1460 2745 1489 2774 in
1515 2742 1634 2774 Christo
1657 2742 1732 2773 Patri
1754 2740 1888 2771 Domino
1908 2740 2059 2781 Godfrido,
2083 2741 2280 2783 Glaucestrienfi
2303 2742 2375 2780 Epi-

1314 2793 1352 2815 co
1372 2793 1402 2813 ο.

1350 2793 1440 2852 Teste
1454 2819 1539 2860 Rege
1553 2818 1628 2858 apud
1652 2814 1926 2859 westmonasterium,
1942 2817 2063 2855 septimo
2077 2818 2130 2854 diel
2136 2818 2311 2850 Novembris.

2396 2595 2444 2620 No.
2462 2600 2506 2627 77.

1353 2900 1523 2928 Laurentius
1539 2894 1687 2936 Humfrey,
1705 2893 1853 2931 Clericus,
1870 2891 1955 2924 Sacre
1971 2893 2134 2932 Theologie
2147 2893 2378 2935 Bacchalaureus,
2398 2908 2448 2934 No,
2463 2905 2510 2941 76¹=

1316 2937 1401 2967 habet
1417 2935 1583 2967 consimiles
1599 2935 1703 2965 Literas
1716 2933 1845 2964 Patentes
1858 2932 1893 2963 de
1911 2932 2114 2969 presentatione
2121 2932 2156 2962 ad
2165 2932 2331 2964 Reii-oriam
2338 2934 2375 2965 de

1313 2974 1414 3015 Kelsisy
1428 2975 1508 3005 beate
1523 2977 1618 3004 Marie
1633 2971 1766 3003 Diocesis
1783 2970 1942 3008 Lincolnie,
1961 2979 2012 3008 per
2024 2980 2146 3001 mortem
2156 2970 2249 3002 ultimi
2256 2972 2376 3003 Incum-

1314 3015 1405 3044 bentis
1422 3013 1532 3043 ibidem
1545 3013 1605 3050 jam
1621 3018 1789 3047 vacantem,
1803 3009 1838 3039 &
1852 3009 1886 3038 ad
1901 3008 2026 3040 nostram
2038 3009 2270 3047 presentationem
2287 3011 2374 3048 pleno

1310 3053 1373 3091 jure
1389 3052 1580 3090 spe&antem;
1598 3050 1632 3080 δι’.
1657 3049 1815 3085 diriguntur
1835 3047 1872 3077 he
1893 3046 1990 3078 Litere
2009 3046 2183 3080 Reverendo
2201 3050 2233 3080 in
2251 3048 2372 3080 Christo

1316 3091 1391 3122 Patri
1406 3090 1540 3120 Domino
1552 3087 1699 3127 Johanm‘,
1718 3085 1858 3115 Lincolnie
1871 3084 2024 3124 Episcopo.

1351 3128 1441 3160 Teste
1455 3128 1537 3166 Rege
1560 3126 1634 3164 apud
1649 3122 1920 3164 Wellmonqsterium,
1937 3123 2053 3156 decimo
2066 3124 2112 3156 die
2126 3125 2302 3156 Novembris.

1349 3204 1500 3245 Johannes
1515 3205 1612 3239 stone,
1629 3199 1777 3238 Clericus,
1796 3200 1826 3231 in
1842 3199 1960 3231 Artibus
1973 3199 2126 3240 Magister,
2142 3202 2227 3234 habet
2240 3203 2378 3235 confimi-
2397 3219 2436 3246 Ν,
2461 3221 2506 3252 75·

1318 3245 1358 3274 les
1372 3243 1476 3273 Literas
1492 3241 1622 3272 Patentes
1635 3239 1669 3269 de
1706 3239 1889 3270 resentatione
1901 3239 1935 3269 ad
1951 3239 2119 3270 RectOtiam
2133 3240 2229 3272 Sancti
2244 3242 2376 3273 Nicholas'
2438 3237 2446 3246 '
2501 3237 2507 3243 ⁷

1320 3280 1451 3312 Diocesis
1472 3283 1590 3315 Sarum,
1606 3287 1654 3316 per
1705 3277 1841 3308 effionem
1867 3277 1960 3308 ultimi
1982 3277 2175 3310 incumbentis
2190 3280 2294 3311 ibidem
2310 3282 2372 3319 jam

1318 3327 1484 3356 vacantem,
1500 3320 1533 3350 &
1549 3317 1583 3347 ad
1596 3315 1723 3347 nostram
1744 3315 1979 3354 presentationem
2002 3316 2088 3353 pleno
2104 3318 2168 3355 jure
2188 3317 2374 3356 spectanterm

1317 3360 1352 3390 &
1369 3358 1528 3394 diriguntur
1545 3356 1582 3386 he
1598 3355 1692 3385 Litere
1706 3354 1881 3385 Reverendo
1896 3356 1925 3385 in
1940 3353 2059 3385 Christo
2075 3355 2151 3387 Patri
2165 3355 2300 3387 Domino
2312 3354 2372 3394 Jo-

1317 3397 1417 3433 hanni,
1434 3398 1532 3425 Sarum
1549 3394 1703 3433 Episcopo.

1323 3473 1339 3503 b
1354 3434 1442 3480 Teste
1455 3434 1538 3473 Rege
1552 3432 1626 3470 apud
1643 3429 1901 3471 Wlbmonasterium
1912 3453 1922 3469 ,
1940 3431 2060 3463 decimo
2077 3432 2180 3470 quinto
2195 3432 2239 3463 die
2249 3432 2375 3461 Novem-

1341 3483 1386 3503 us.

1351 3548 1499 3587 Johannes
1512 3545 1665 3584 Marshall‚
1684 3545 1813 3577 Clericus
1823 3567 1833 3583 ‚
1852 3545 1880 3575 in
1896 3544 2012 3576 Artibus
2029 3544 2187 3582 Magister,
2204 3543 2291 3574 habet
2299 3554 2372 3577 con-
2396 3556 2435 3581 No

1318 3588 1416 3618 fimiles
1431 3587 1539 3616 Literas
1551 3584 1683 3615 Patentes
1697 3584 1734 3614 de
1743 3584 1943 3621 presentatione
1958 3584 1991 3614 ad
2001 3582 2139 3614 Vicariam
2152 3583 2189 3612 de
2201 3581 2374 3615 Wellesburie

1318 3625 1451 3656 Diocesis
1466 3623 1662 3662 Wigornienfis
1673 3632 1723 3661 per
1736 3631 1861 3652 mortem
1875 3621 1967 3652 ultimi
1981 3621 2173 3652 Incumbentis
2186 3619 2293 3651 ibidem
2311 3625 2371 3659 jam

1317 3671 1486 3699 vacantem,
1501 3663 1534 3693 &
1550 3661 1585 3691 ad
1601 3660 1726 3691 nostram
1739 3660 1976 3698 presentationem
1998 3659 2082 3697 pleno
2092 3658 2157 3695 jure
2168 3657 2368 3701 'spec‘tantem5

1318 3702 1338 3720 ³¹²
1354 3702 1388 3732 &
1407 3701 1561 3738 diriguntur
1576 3699 1614 3728 he
1637 3699 1733 3729 Litere
1754 3697 1927 3729 Reverendo
1947 3700 1976 3729 in
1998 3695 2114 3727 Christo
2136 3695 2212 3726 Patri
2235 3695 2370 3732 Domino
2396 3702 2413 3720 ⁸
2433 3703 2517 3733 XIX.

1318 3739 1452 3778 Johanni
1490 3739 1532 3766 W
1530 3737 1672 3776 igornienfi
1683 3736 1835 3774 Episcopo.
2392 3749 2441 3776 49.

1321 3816 1338 3845 b
1353 3777 1443 3823 Teste
1458 3760 1540 3815 kege
1555 3775 1628 3813 apud
1640 3774 1915 3815 Wftmonasterium,
1929 3773 2044 3805 decimo
2058 3771 2178 3809 septimo
2190 3771 2236 3803 die
2244 3775 2369 3807 Novens-

1339 3826 1384 3845 '‘15-

2438 3575 2446 3583 .
2463 3557 2510 3590 741

1351 3890 1501 3935 'Johartnes
1520 3890 1631 3927 Meeke,
1649 3889 1779 3921 Clericus
1792 3912 1802 3928 ‚
1828 3890 1857 3919 in
1878 3886 1992 3931 Artibus
2011 3883 2163 3930 Magister,
2179 3886 2265 3920 habet
2284 3890 2386 3922 confi-·
2402 3902 2452 3927 No.
2467 3905 2513 3935 73,

1318 3931 1398 3961 miles
1417 3929 1523 3960 Literas
1542 3928 1671 3961 Parentes
1688 3929 1724 3960 de
1742 3928 1948 3967 presentatione
1965 3923 1999 3954 ad
2014 3922 2186 3957 Rectoriam
2203 3926 2240 3958 de
2257 3950 2374 3959 .....

2297 3966 2373 3999 Dio-
