2536 4255
631 104 743 148 ET
827 99 1086 145 ACTA
1170 100 1202 145 P

0 192 120 227 Rnn.D.
138 191 274 247 REX,
295 193 355 224 &tu
374 191 546 224 Reverendo
563 192 592 222 in
611 190 731 234 Christjo
750 191 825 222 Patri
837 189 978 234 ‘Domino
998 191 1114 234 Ricardo
1131 199 1193 228 per-

16 232 104 263 1628.
217 230 346 260 miffione
361 231 458 263 divina
477 234 623 261 Wintonie
638 231 800 268 Episcopo,
817 228 908 266 ejusve
922 239 951 258 in
969 229 1090 260 absentia
1108 229 1195 260 Vica-

0 277 39 301 4n.
57 282 85 308 4.
137 267 181 297 rio
200 270 228 298 in
247 269 444 308 Spiritualibus
466 269 599 301 Generali
614 291 624 306 ,
650 269 706 300 five
730 269 775 298 alii
800 268 963 305 cuicunque
987 269 1015 297 in
1036 268 1091 298 hac
1118 276 1197 306 parte

0 315 54 340 zar.
84 318 109 337 i.
139 307 340 338 authoritatem
359 309 488 346 habenti,
504 308 642 338 Salutem.

0 354 58 377 rars
81 348 123 376 de·
174 345 221 375 Ad
240 345 383 377 Vicariam
398 347 433 378 de
451 344 588 385 Sparfholt
608 343 701 374 vestre
726 342 857 373 Diocesis
874 353 923 381 per
941 343 1108 376 Cessionem
1128 344 1196 375 ulti-

0 389 68 415 ·i'ma.
134 384 177 412 mi
195 383 394 416 Incumbentis
408 385 513 415 ibidem
527 385 586 420 jam
603 390 754 413 vacantem
778 382 812 412 δε
845 382 880 412 ad
905 382 1031 412 nostram
1051 383 1193 414 Presenta-

0 429 80 460 ’at.4.
132 424 245 454 tionem
264 424 349 461 pleno
366 425 423 461 jure
441 422 622 460 specstantem,
638 420 788 451 Dileetum
808 419 907 450 Nobis
924 421 953 450 in
970 420 1089 452 Christo
1108 422 1196 452 Ada-

0 467 50 492 Jar.
76 471 100 490 i.
134 472 205 491 mum
226 466 342 500 Ayray,
368 460 515 492 Clericum
543 460 628 490 Sacre
659 458 825 502 Theologie
851 458 1082 490 Bacchalaurium
1101 460 1193 491 Vobis

0 505 38 529 vo.
59 500 119 528 118.
133 500 349 538 presentamus,
374 499 518 537 Rogantes
545 499 579 530 &
603 505 771 535 requirentes
799 506 933 534 quatenus
956 498 1082 530 eundem
1107 499 1194 528 Ada—

132 550 205 569 mum
220 542 320 576 Array
336 537 371 568 ad
391 537 534 567 Vicariam
550 537 587 567 de
604 534 743 575 Sparfholt
753 536 908 575 predictam
923 535 1194 575 admittere,ipsum-

132 588 188 615 que
204 577 349 608 Vicarium
372 575 481 605 ibidem
504 574 647 605 instituere
670 574 703 603 &
728 574 860 605 investire
884 584 954 605 cum
978 576 1113 607 omnibus
1137 576 1191 606 suis

1232 100 1284 146 U
1326 109 1357 149 Β
1396 106 1483 152 Li
1523 112 1652 161 CA.
1692 125 1696 132 ¹*
2243 123 2292 165 ,ἐς

1232 190 1352 234 ἰηῃνὶὶία
1366 193 1588 239 ὃαῃᾶῇᾼῐραηὶ
1603 198 1732 241 Diocesis
1746 200 1864 229 London
1876 222 1886 238 ,
1910 209 1958 238 per
1985 200 2200 239 resignationem
2222 200 2289 231 iilti-
2310 191 2386 231 Ausi
2404 193 2446 235 ῧέ

1233 238 1274 258 mi
1289 229 1486 273 incumbentis
1499 234 1605 277 ibidem
1618 246 1676 273 Jam
1691 246 1854 275 vacantem,
1869 242 1901 270 ὃς
1916 240 1949 269 ad
1964 239 2090 269 nostram
2108 239 2289 277 presentatio-
2328 236 2415 271 1628.

1235 276 1304 310 nem
1321 277 1427 300 ratione
1442 274 1595 337 vaffltionis
1607 274 1672 303 sedis
1689 273 1859 313 Episcopalis
1880 279 1934 308 hac
1955 280 2019 308 vice
2038 277 2231 315 spe&anteni3
2250 278 2283 308 δε
2303 277 2356 303 An.
2381 288 2403 305 ¹-

1236 305 1393 344 diriguntur
1405 307 1445 350 he
1460 307 1485 337 L
1510 318 1554 340 ere
1570 310 1744 342 Reverendo
1757 314 1785 342 in
1800 314 1917 346 Christo
1926 316 2001 346 Patri
2015 315 2148 346 Domino
2162 318 2284 354 Georgio,
2302 317 2369 343 Cor„
2401 325 2425 343 tt

1224 343 1344 373 London
1359 343 1511 381 Episcopo.

1264 382 1354 413 Teste
1370 382 1455 419 Rege
1473 384 1546 421 apud
1564 385 1837 426 W'estmonzrslerium,
1855 390 1990 421 vicesimo
2007 392 2114 423 ottavo
2133 392 2179 423 die
2201 393 2286 421 Maii.

1261 461 1408 503 Martinus
1423 458 1555 498 Nanfii'g,
1572 459 1719 498 Clericus,
1737 465 1766 493 in
1784 465 1898 495 Artibus
1915 465 2067 505 Megisler.
2086 469 2169 499 habet
2184 466 2275 499 consi-
2305 469 2354 493 Ne.
2376 469 2435 496 107st

1226 498 1307 527 miles
1324 497 1428 540 [fiteras
1441 497 1570 540 Patentes
1582 499 1618 534 de
1635 501 1834 537 presentatione
1854 504 1886 533 ad
1907 503 2073 537 Rectorian‘i
2097 508 2132 537 de
2155 507 2285 546 Blisland

1225 535 1355 567 Diocelis
1369 539 1495 574 Exome',
1509 546 1570 574 Jam
1587 536 1721 575 legittime
1736 539 1769 568 ὅς
1785 540 1820 570 de
1836 542 1898 578 jure
1921 553 2089 574 varicantem
2113 547 2144 575 Sc
2168 553 2201 575 aei
2225 555 2279 575 no-

1224 574 1309 606 stram
1327 574 1563 612 presentationem
1579 585 1628 612 per
1639 576 1801 613 pravitatem
1818 579 1932 610 simonie
1948 582 1999 611 hac
2013 583 2077 612 vice
2090 583 2279 621 l'pee'tantenu

128 616 254 655 juribus,
274 614 411 643 membris
433 614 466 644 &
490 613 667 651 pertinentiis
692 612 841 656 universis,
868 622 1018 651 ceteraque
1042 614 1142 644 omnia
1158 614 1192 644 δε
1226 614 1259 643 &
1273 613 1428 652 diriguntur
1442 613 1480 643 he
1499 613 1591 657 [3itere
1608 613 1780 644 Reverendo
1796 616 1825 644 in
1843 615 1960 648 Christo
1976 620 2053 649 Patri
2070 621 2204 652 Domino
2228 624 2279 659 Jo-

132 653 236 691 fingula
254 653 394 683 facere&
416 660 561 690 peragere,
585 661 641 691 que
665 650 758 681 vestro
783 661 812 681 in
839 650 894 682 hac
920 660 999 689 parte
1024 653 1195 683 incumbunt
1218 651 1320 691 fipho,
1339 654 1451 681 Exonie
1466 651 1622 691 Episcopo.

133 691 247 724 Officio
267 689 401 721 Pastoraii
419 691 509 721 velitis
526 700 598 721 cum
615 689 721 721 favore.

171 729 206 760 In
225 729 303 767 cujus
320 729 379 768 rei,
397 729 460 760 &c.

167 805 258 838 Teste
276 806 360 846 Rege
374 805 448 844 apud
467 804 727 845 Westmonafierium
743 805 828 835 tertio
846 804 891 837 die
908 804 1025 843 Aprilis.

233 885 289 913 Per
307 885 456 914 Dominum
470 881 609 922 Custodem
628 884 730 920 Magni
750 881 840 920 Sigilli
858 882 983 921 Angliae.

129 959 282 1001 Corfimiles
298 962 416 991 Literas
435 961 567 990 Patentes
581 957 685 989 habent
706 959 822 998 Perfime
841 957 989 999 ficbfiripte
1012 956 1051 993 ό
1073 957 1105 988 de
1121 958 1196 989 datis

235 1002 322 1029 etiam
338 997 507 1038 fiebfiriptis.

166 1075 325 1107 Edwardus
341 1074 482 1105 Bullwere
495 1075 527 1105 in
551 1074 668 1106 Artibus
694 1074 832 1105 Maoister
855 1074 941 1106 habet
964 1072 1122 1105 confimiies
1141 1072 1193 1103 Li-

128 1121 198 1146 teras
215 1114 349 1145 Patentes
372 1114 408 1144 de
440 1113 650 1144 Presentatione
674 1113 708 1144 ad
736 1098 967 1156 siedroriarrrde
998 1111 1107 1149 VVeslon
1126 1111 1192 1141 alias

128 1152 238 1192 Wstm
253 1154 372 1183 Market
390 1152 521 1183 Diocesis
539 1151 741 1192 Norwicenfis,
756 1152 816 1190 jam
831 1151 969 1190 legittime
984 1157 1132 1180 vacantem
1157 1151 1191 1180 &

126 1191 164 1223 ad
181 1191 308 1222 nostram
334 1192 572 1230 presentationem
598 1191 655 1221 five
689 1200 739 1228 per
763 1190 871 1228 lapsum
905 1189 1042 1226 temporis
1064 1188 1120 1218 five
1142 1197 1192 1226 per

127 1231 297 1268 pravitatem
316 1230 435 1260 simonie
454 1230 512 1259 hac
532 1230 597 1260 vice
617 1229 810 1267 spe&antem,·
831 1229 864 1259 ὃς
882 1227 1041 1266 diriguntur
1061 1226 1098 1256 he
1108 1226 1189 1256 Lite-

124 1276 156 1300 re
173 1268 348 1301 Reverendo
370 1269 401 1298 in
419 1267 539 1298 Christo
556 1266 632 1298 Patri
656 1266 792 1297 Domino
816 1265 938 1296 Samueli
959 1265 1129 1303 Norwi'cenfi
1151 1264 1193 1295 E·

154 1307 212 1338 isco
232 1317 261 1337 o.

131 1317 153 1346 p
163 1317 254 1377 Tefie
271 1344 355 1385 Rege
376 1344 450 1383 apud
470 1342 734 1384 Wflmonasterium
748 1341 869 1382 septimo
882 1341 927 1373 die
941 1341 1060 1382 Aprilis.

0 1426 35 1454 wo.
59 1425 120 1453 116.
165 1421 313 1461 Johannes
329 1418 501 1458 chalkehill,
519 1418 649 1450 Clericus
666 1419 696 1450 in
711 1418 824 1451 Artibus
839 1419 978 1459 Magister
991 1419 1076 1450 habet
1095 1419 1189 1450 conli-v

129 1462 209 1493 miles
225 1461 335 1491 Literas
350 1459 479 1490 Patentes
495 1457 531 1489 de
561 1458 764 1497 presentatione
788 1458 823 1489 ad
844 1459 1014 1489 Rectoriam
1035 1459 1072 1489 de
1092 1459 1189 1497 Beisby

128 1499 259 1531 Diocesis
273 1496 433 1535 Lincolm'e,
455 1506 505 1535 per
527 1504 652 1527 mortem
674 1497 768 1527 ultimi
787 1496 986 1528 Incumbentis
1005 1497 1113 1527 ibidem
1131 1498 1188 1534 jam

130 1545 299 1574 vacantem,
317 1537 350 1568 &
363 1535 399 1566 ad
414 1535 538 1567 nostram
556 1535 795 1573 presentationem
809 1536 895 1576 pleno
905 1537 967 1574 jure
992 1536 1189 1573 spe-stantem3

129 1577 164 1607 &
178 1576 340 1615 diriguntur
355 1574 392 1605 he
415 1574 511 1605 Litere
527 1573 700 1606 Reverendo
717 1575 745 1605 in
759 1573 878 1605 Christo
894 1575 971 1606 Patri
986 1574 1120 1605 Domino
1134 1576 1188 1613 Jo-

129 1614 245 1653 hanni,
266 1612 409 1644 Lincolnie
430 1612 585 1652 Episcopo.

125 1691 140 1722 l
163 1652 254 1685 Teste
271 1651 358 1692 Rege
376 1651 451 1692 apud
467 1650 739 1691 Wstmonasterium,
757 1651 875 1692 decimo
898 1651 1008 1683 odtavo
1030 1652 1076 1683 die
1096 1655 1187 1691 Apri-

137 1702 171 1722 ιε.

164 1767 329 1800 Wllielmus
342 1767 473 1806 Roberts,
491 1767 637 1806 Clericus,
656 1765 742 1798 sacre
757 1766 877 1798 Theolo
898 1768 923 1797 ie
945 1765 1091 1799 Professor
1104 1767 1190 1798 habet

122 1807 285 1839 consimiles
298 1807 405 1838 Literas
416 1806 547 1837 Patentes
563 1807 599 1837 de
608 1806 817 1838 Presentatione
831 1806 866 1836 ad
910 1805 1047 1837 estoriam
1060 1805 1096 1836 de
1112 1808 1189 1835 Bar-

120 1846 207 1877 combe
220 1845 351 1876 Diocesis
374 1844 558 1886 Cicestrenfis,
577 1855 627 1885 per
645 1844 860 1884 resignationem
875 1844 969 1875 ultimi
991 1843 1190 1875 Incumbentis

123 1885 233 1916 ibidem
249 1885 306 1921 iam
323 1892 492 1915 varicantem
512 1885 545 1915 δε
561 1884 596 1914 ad
618 1883 744 1913 nostram
769 1882 1006 1920 presentationem
1029 1883 1114 1920 pleno
1125 1883 1189 1920 jure

125 1924 144 1954 s
175 1923 321 1960 stantem,
341 1924 375 1953 δε
391 1923 546 1961 diriguntur
561 1922 597 1952 he
613 1921 707 1952 Litere
725 1920 898 1953 Reverendo
918 1922 950 1952 in
966 1920 1095 1952 ¹Christo
1113 1921 1190 1953 Patri

163 1961 265 1992 omino
287 1963 415 1999 Georgia,
433 1959 586 2000 Cicestrenfi
597 1959 622 1990 E
645 1961 751 1998 iscopo.

161 1998 250 2032 Teste
269 1998 351 2039 Rege
363 1999 437 2037 apud
459 1969 719 2038 Westmonajii’rium
734 1997 871 2030 vicefimo
885 2006 988 2039 quarto
1003 1998 1051 2030 die
1065 1998 1187 2037 Aprilis.

0 1767 33 1794 ro.
52 1749 116 1801 εἰς.

0 2077 35 2115 τοἐ
56 2078 118 2114 ¹¹42
153 2078 309 2115 ‚Gerenrius
321 2075 442 2114 James,
458 2074 605 2114 Clericus,
624 2076 654 2106 in
667 2074 787 2108 Artibus
811 2074 950 2115 Magister
965 2097 975 2114 ,
992 2076 1079 2107 habet
1096 2075 1191 2107 consi-

131 2116 213 2146 miles
229 2114 336 2146 Literas
351 2111 483 2146 Patentes
495 2115 531 2146 de
545 2114 754 2146 Presentatione
767 2114 803 2145 ad
817 2114 985 2146 Rectoriam
1004 2114 1040 2145 de
1065 2113 1189 2154 Tzffiilde

128 2154 261 2185 Diocesis
277 2153 504 2194 Petriburgenfis,
518 2153 581 2192 jain
595 2154 732 2192 legittime
746 2153 780 2184 &
794 2152 830 2184 de
841 2154 906 2192 jure
926 2162 1078 2185 vacantem
1101 2155 1135 2185 &
1157 2154 1192 2184 ad

127 2193 257 2224 nostram
272 2188 515 2223 Presentationem
527 2201 577 2230 per
593 2192 719 2231 Lapsum
743 2193 881 2230 temporis
898 2191 954 2223 hac
978 2193 1041 2222 vice
1065 2192 1191 2230 spectan-

130 2238 211 2269 tem,
227 2232 261 2262 &
274 2230 420 2270 driguntur
432 2231 470 2261 he
489 2230 585 2261 Litere
600 2230 773 2262 Reverendo
786 2231 817 2262 in
840 2230 961 2262 Christo
979 2229 1058 2263 Patri
1080 2230 1192 2261 Domi-

130 2279 172 2300 no
186 2268 302 2307 Ithome,
324 2268 501 2307 Petriburgen
512 2279 522 2296 1
536 2268 692 2309 Episcopo.
1065 2277 1067 2282 ⁴

164 2307 255 2339 Teste
270 2307 354 2348 Rege
367 2308 441 2347 apud
494 2307 720 2348 estmonasterium
737 2308 838 2348 quinto
854 2307 901 2340 die
915 2310 999 2339 Maii.
1056 2320 1057 2323 ¹

169 2382 285 2414 Thomas
300 2383 408 2425 Jones,
428 2383 574 2424 Clericus,
588 2385 618 2415 in
635 2384 754 2417 Artibus
767 2384 919 2424 Magister,
937 2385 1022 2416 habet
1036 2384 1198 2416 consimiles

133 2421 243 2453 Literas
256 2421 389 2454 Patentes
411 2423 448 2454 de
472 2423 681 2455 Presentatione
702 2423 736 2454 ad
759 2423 931 2455 Re&oriam
951 2424 989 2454 de
1013 2423 1197 2463 Warpsgrave

130 2459 264 2491 Diocesis
279 2462 397 2498 Oxonie,
413 2462 471 2498 iam
485 2462 623 2501 legittime
639 2463 672 2494 &
687 2462 723 2493 de
735 2461 797 2499 jure
810 2471 957 2493 vacantem
974 2463 1007 2494 &
1020 2462 1054 2493 ad
1068 2463 1197 2493 nostram

126 2499 367 2539 presentationem
385 2499 441 2529 live
459 2509 508 2538 per
524 2499 649 2538 Lapsum
667 2501 805 2537 temporis
817 2501 873 2531 five
893 2510 943 2539 per
969 2502 1135 2539 pravitatem
1156 2503 1189 2531 ii-

128 2538 231 2569 monie
245 2537 300 2568 hac
315 2538 378 2568 vice
390 2536 584 2575 spectantem·
607 2540 641 2570 ὃς
655 2538 816 2578 diriguntur
841 2540 879 2570 he
904 2539 1000 2570 Litere
1021 2539 1195 2570 Reverendo

127 2576 158 2606 in
176 2575 296 2607 Christo
314 2575 390 2607 Patri
404 2575 541 2606 Domino
583 2576 704 2615 ohanni,
722 2579 830 2607 Oxonie
843 2577 999 2615 Episcopo.

163 2614 254 2647 Teste
270 2613 354 2654 Rege
367 2614 442 2654 apud
463 2614 726 2655 westmonasterium
735 2639 746 2653 ,
762 2615 886 2653 septimo
900 2615 947 2647 die
961 2618 1045 2647 Maii.

0 2389 36 2416 fo.
58 2394 121 2425 113.

0 2696 33 2721 to.
55 2701 118 2723 112.
163 2693 352 2733 Humphridus
365 2696 473 2735 Jove-y,
497 2694 643 2734 Clericus,
671 2694 756 2727 Sacre
777 2694 942 2735 Theologie
963 2695 1194 2736 Bacchalaurius,

128 2732 215 2765 habet
230 2733 394 2765 consimiles
409 2734 516 2766 Literas
532 2733 664 2765 Parentes
675 2734 712 2765 de
735 2733 944 2766 Presentatione
965 2734 999 2765 ad
1020 2734 1194 2767 Reooriam

128 2772 165 2802 de
181 2772 315 2804 Banham
327 2772 460 2804 Diocefis
474 2771 674 2842 Norwicegzstss
713 2782 743 2803 er
756 2780 880 2804 mortem
903 2773 1003 2804 ultimi¹
1018 2773 1195 2805 Incumben-

127 2811 163 2841 tis
177 2810 284 2841 ibidem
294 2812 354 2850 jam
367 2819 519 2842 vacantem
536 2813 570 2843 &
583 2820 597 2841 a
635 2821 675 2841 no
704 2820 764 2841 ram
776 2812 1016 2850 presentationem
1042 2813 1129 2851 pleno
1150 2814 1195 2850 iu-

129 2857 162 2878 re
174 2848 366 2888 specstantem3
392 2850 426 2881 &
448 2850 607 2888 diriguntur
631 2848 670 2879 he
695 2849 794 2881 Litere
818 2850 991 2882 Reverendo
1013 2851 1046 2882 in
1070 2850 1191 2883 Christo

131 2885 208 2917 Patri
221 2884 358 2919 Domino
375 2886 494 2917 Samueli
503 2909 514 2925 ,
532 2886 706 2926 Norwicenfi
719 2887 874 2928 Episcopo.

168 2923 258 2960 Teste
276 2926 362 2965 Rege
376 2925 453 2963 apud
468 2923 731 2966 Wstmonafi‘erium
750 2926 872 2964 septimo
885 2926 932 2957 die
945 2930 1034 2958 Maii.

0 3014 2 3023 ·
17 3010 104 3039 xlx,
170 3004 190 3025 ὃ*
209 3003 356 3042 Johannes
368 3004 500 3044 Shelton,
516 3005 661 3045 Clericus,
678 3007 708 3037 in
724 3006 841 3038 Artibus
859 3006 1007 3046 Magister,
1020 3007 1108 3040 habet
1122 3019 1195 3041 con-

0 3057 33 3084 ,5.
135 3042 236 3075 firniles
250 3042 497 3075 LiterasPatenies
511 3045 547 3076 de
560 3046 762 3085 presentatione
776 3045 811 3076 ad
835 3044 980 3076 Vicariam
1001 3046 1037 3076 de
1058 3048 1199 3089 Stanford

0 3092 36 3116 σο.
60 3097 120 3116 iii.
137 3080 464 3122 DiocesisNorwicenfix
476 3087 525 3120 p'er
540 3092 665 3115 mortem
682 3084 774 3114 ultimi
797 3083 997 3115 Incumbentis
1015 3085 1124 3118 ibidem
1134 3089 1194 3126 jam

133 3127 303 3158 vacantem,
321 3120 354 3152 &
367 3119 402 3150 ad
423 3120 547 3152 nostram
565 3122 801 3160 presentationem
823 3124 931 3154 ratione
952 3124 1107 3155 vacationis
1126 3127 1196 3158 sedis

133 3157 307 3197 Episcopalis
321 3157 403 3190 Elien
414 3168 437 3188 ιε
449 3158 504 3190 hac
518 3161 583 3191 vice
598 3160 789 3200 spediantem3
807 3162 841 3193 &
864 3162 1022 3201 diriguntur
1040 3162 1078 3193 he
1095 3163 1193 3197 Litere

128 3196 306 3267 ¹Reverendo
320 3196 351 3226 in
367 3195 396 3227 C
419 3196 488 3228 risto
504 3198 580 3229 Patri
594 3198 730 3230 Domino
743 3199 863 3231 Samueli
887 3223 898 3239 ,
933 3201 1107 3245 Norwicenfi
1124 3203 1195 3243 Epi-

141 3245 226 3273 copo.
334 3258 336 3262 .
704 3248 707 3250 ’

164 3272 356 3314 TesteRege
369 3273 444 3313 apud
460 3273 741 3316 Wlbmonasterium,
758 3276 875 3309 decimo
892 3278 977 3309 tertio
988 3278 1036 3310 die
1056 3282 1139 3310 Maii.

165 3353 299 3383 Henricus
310 3354 375 3382 Hur
406 3373 416 3389 ,
434 3350 562 3382 Clericus
571 3374 580 3391 ,
596 3353 627 3384 in
643 3353 761 3385 Artibus
774 3352 1003 3396 Bacchalaurius,
1017 3354 1104 3388 habet
1117 3366 1190 3388 con·

130 3390 234 3422 fimiles
252 3391 356 3422 Literas
396 3399 501 3421 atentes
512 3389 547 3422 de
566 3391 769 3428 presentatione
783 3392 819 3424 ad
834 3392 979 3425 Vicariam
994 3395 1031 3425 de
1054 3396 1190 3426 Mikilton

130 3429 264 3460 Diocesis
277 3427 507 3470 Gloucestrienfis,
525 3438 573 3466 per
595 3438 720 3462 mortem
745 3430 840 3462 ultimi
859 3431 1058 3464 Incumbentis
1080 3435 1188 3466 ibidem

129 3470 186 3508 jam
202 3475 369 3511 vacantem,
385 3467 418 3498 &
434 3468 468 3497 ad
485 3467 612 3511 nostram
629 3470 860 3506 presentationem
875 3472 961 3509 pleno
973 3472 1038 3510 jure
1061 3472 1190 3510 spectan-

128 3516 209 3546 tem,
227 3507 261 3538 &
277 3506 433 3545 diriguntur
448 3506 483 3535 he
501 3506 595 3538 Litere
611 3506 785 3539 Reverendo
799 3510 830 3539 in
844 3508 965 3541 Christo
988 3510 1066 3542 Patri
1081 3511 1188 3543 Domi·

127 3557 169 3578 no
184 3543 332 3585 Godfrido,
350 3543 526 3613 Glaucffirien
536 3554 546 3572 ι
561 3544 717 3584 Episcopo.

164 3583 258 3617 Teste
271 3583 354 3623 Rege
371 3592 425 3622 apu
459 3585 507 3614 W
532 3584 732 3624 monasterium,
749 3586 886 3617 vicesimo
898 3587 983 3618 tertio
995 3587 1042 3619 die
1064 3591 1152 3619 Maii.

0 3350 37 3378 fo.
56 3350 119 3378 noi

0 3662 35 3688 Io.
58 3667 123 3695 ¹09.
166 3660 328 3692 Ber-nardus
343 3657 491 3698 Flcfhwar,
509 3659 647 3699 Clericus,
662 3661 692 3691 in
707 3661 823 3694 Artibus
837 3662 990 3703 Magister,
1007 3664 1098 3696 habet
1114 3675 1189 3697 con·

130 3699 232 3732 fimiles
247 3700 353 3731 Literas
361 3698 491 3730 Patentes
506 3699 541 3729 de
556 3698 757 3738 presentatione
770 3700 806 3732 ad
816 3700 988 3734 Rectoriam
998 3703 1042 3734 Vde
1055 3704 1189 3742 Sadding-

130 3745 182 3768 ton
196 3737 326 3769 Diocefis
336 3736 553 3777 Lincolnienfis,
571 3747 620 3775 per
643 3746 768 3768 mortem
789 3739 884 3771 ultimi
907 3740 1108 3774 Incumbentis
1131 3745 1187 3774 ibi-

127 3776 195 3807 dem
207 3776 270 3814 jam
283 3784 431 3807 vacantem
449 3777 482 3808 ὃ(
499 3776 533 3807 ad
546 3776 672 3806 nostram
709 3777 926 3810 resentationem
943 3780 1030 3819 pleno
1051 3782 1111 3819 jure
1124 3782 1186 3820 spe-

127 3815 272 3859 &antem3
293 3816 327 3846 &
343 3815 503 3861 diriguntur
516 3815 554 3845 he
569 3815 665 3859 Litere
712 3816 824 3847 evendo
837 3818 869 3848 in
884 3816 1004 3850 Christo
1021 3819 1098 3852 Patri
1119 3820 1190 3853 Do-

127 3852 732 3933 ωῗίίξῗέἕὲἐζιζὲεἶζῖᾗῄκὲῗὲξὲξὲ
743 3892 881 3925 vicesimo
892 3903 996 3933 quarto
1010 3895 1058 3928 die
1070 3899 1155 3929 Maii.

0 3982 31 4011 so·
57 3981 108 4011 ¹03
150 3949 330 4013 ..Anthonius
343 3966 451 4008 Smith‚
469 3969 614 4009 Clericus,
630 3971 660 4000 in
678 3969 793 4002 Artibus
808 3970 961 4011 Magister,
987 3973 1074 4005 habet
1095 3975 1191 4006 confi-

111 4006 119 4014 ‘
131 4008 211 4038 miles
224 4006 334 4039 Literas
349 4005 481 4047 Parentes
497 4010 533 4041 de
549 4010 752 4050 presentatione
767 4010 802 4042 ad
828 4009 970 4042 vicariam
992 4010 1090 4045 Sancti
1114 4015 1195 4046 Petri

1265 690 1356 721 Teste
1372 690 1457 733 Rege
1469 691 1542 729 apud
1557 689 1827 729 westmonasterium,
1845 693 1949 723 offilavo
1963 694 2008 724 die
2028 699 2110 725 Maii.

1266 768 1410 797 Martinus
1426 771 1526 805 Curre,
1545 766 1692 805 Clericus,
1711 768 1738 797 in
1754 765 1872 798 Artibus
1895 767 2031 806 Magister
2050 793 2059 808 ,
2084 770 2167 802 habet
2191 771 2282 805 consi-
2305 778 2353 802 No·
2377 772 2439 801 ¹050

1227 805 1309 836 miles
1324 805 1431 836 Literas
1454 805 1583 837 Patentes
1604 805 1639 836 de
1659 807 1864 843 presentatione
1887 807 1919 836 ad
1941 807 2080 838 Vicariam
2102 810 2137 838 de
2161 813 2284 853 Camroft

1227 844 1360 874 Diocefis
1377 845 1571 885 Mene-venfis,
1587 854 1634 882 per
1653 854 1775 875 mortem
1789 845 1882 875 ultimi
1897 844 2088 877 incumbentis
2103 848 2211 879 ibidem
2226 853 2281 887 jam

1227 891 1376 913 vacantem
1387 906 1397 921 ,
1414 883 1447 913 δε
1459 884 1492 913 ad
1507 883 1631 913 nostram
1650 884 1885 920 presentationem
1903 884 1988 919 pleno
2007 886 2067 922 jure
2090 886 2282 927 spectantem3

1228 923 1262 953 ὃς
1276 920 1433 959 diriguntur
1447 922 1484 952 lie
1494 922 1590 952 Litere
1606 921 1779 953 Reverendo
1793 923 1821 951 in
1836 921 1954 952 Christo
1969 923 2184 955 PatriDomino
2200 926 2284 956 Theon

1222 958 1315 998 philo,
1331 959 1493 1001 Menevenfi
1508 960 1660 999 Episcopo.

1265 997 1355 1029 Teste
1370 998 1452 1038 Rege
1466 1000 1540 1038 apud
1559 998 1830 1039 Wstmonaslerimn,
1848 999 1992 1029 tricesimo
2009 999 2055 1030 die
2075 1004 2155 1032 Maii.

1261 1074 1419 1105 Timotheus
1432 1075 1583 1114 Pluinmer,
1602 1075 1750 1113 Clericus,
1767 1076 1798 1105 in
1814 1069 1926 1106 Artibus
1943 1075 2100 1114 Magister,
2118 1077 2200 1109 habet
2213 1089 2282 1111 con-

1225 1113 1325 1144 similes
1341 1114 1448 1144 Literas
1462 1114 1593 1144 Parentes
1609 1115 1643 1144 de
1660 1116 1862 1152 presentatione
1879 1116 1912 1145 ad
1938 1114 2109 1145 Rettoriam
2133 1116 2168 1146 de
2189 1119 2283 1148 Carle-

1224 1159 1274 1182 ton
1293 1152 1389 1182 Samsti
1405 1153 1482 1182 Petri
1498 1152 1629 1183 Diocesis
1643 1152 1843 1193 Norwicenfis,
1859 1163 1908 1190 per
1921 1162 2044 1183 mortem
2060 1154 2153 1184 ultimi
2166 1154 2283 1185 Incum-

1225 1191 1316 1220 bentis
1331 1191 1437 1220 ibidem
1455 1192 1508 1226 jam
1527 1201 1691 1229 vacantem,
1710 1193 1743 1223 ὃ(
1759 1195 1792 1222 ad
1806 1192 1931 1223 nostram
1947 1193 2181 1229 presentationem
2198 1195 2282 1230 pleno

1221 1230 1284 1267 jure
1297 1228 1491 1267 spectantem,
1510 1231 1542 1261 &
1557 1231 1716 1269 diriguntur
1739 1231 1776 1260 he
1798 1230 1894 1260 Litere
1918 1230 2092 1261 Reverendo
2114 1232 2144 1262 in
2166 1231 2284 1263 Christo

1226 1267 1302 1299 Patri
1317 1267 1453 1297 Domino
1468 1268 1603 1305 Samueli,
1623 1268 1801 1309 Norwicenfi,
1812 1268 1967 1307 Episcopo.

1262 1305 1351 1337 Teste
1364 1305 1446 1345 Rege
1460 1306 1533 1345 apud
1551 1307 1821 1346 westmonasterium,
1840 1316 1938 1346 quarto
1955 1307 2001 1337 die
2014 1309 2104 1345 Junii.

2306 1082 2354 1106 ΝΟ.
2377 1080 2440 1113 Ῐῠῖἑ

1261 1382 1405 1422 Johannes
1418 1385 1565 1422 Tireman,
1583 1384 1727 1422 Clericus,
1746 1385 1775 1414 in
1793 1384 1907 1414 Artibus
1924 1384 2076 1424 Magister,
2094 1385 2181 1415 habet
2193 1380 2286 1416 'consi-

1226 1423 1308 1453 miles
1327 1422 1433 1453 Literas
1451 1422 1580 1453 Patentes
1596 1423 1630 1454 de
1644 1424 1844 1460 presentatione
1857 1423 1894 1453 >:id
1916 1423 2059 1454 Vimriam
2078 1425 2113 1454 de
2137 1424 2287 1454 Greenebo-

1224 1471 1298 1490 rowe
1317 1461 1447 1492 Diocesis
1462 1462 1596 1499 London,
1617 1472 1664 1498 per
1678 1460 1846 1492 Ceffioneni
1862 1462 1953 1492 ultimi
1965 1462 2162 1493 Incumbentis
2176 1463 2286 1493 ibidem

1220 1500 1279 1538 jam
1296 1509 1461 1537 vacantem,
1477 1501 1509 1530 &
1524 1501 1558 1530 ad
1575 1500 1701 1530 nostram
1718 1500 1952 1538 presentationem
1969 1501 2053 1538 pleno
2073 1502 2134 1539 jiire
2155 1501 2283 1541 specstan-

1223 1546 1302 1576 tem,
1322 1540 1355 1569 ὃς
1371 1538 1529 1577 diriguntur
1542 1540 1579 1569 he
1595 1539 1688 1569 Litere
1709 1539 1880 1570 Reverendo
1896 1541 1923 1569 in
1943 1538 2063 1569 Christo
2084 1539 2156 1571 Patri
2176 1539 2285 1569 Domi⁹

1224 1585 1266 1607 no
1282 1578 1409 1614 Georgia,
1429 1578 1544 1607 London
1562 1577 1716 1614 Episcopo.

1260 1614 1348 1646 Teste
1363 1616 1446 1654 Rege
1460 1616 1534 1654 apud
1552 1615 1829 1655 Westmonasterium,
1847 1616 1922 1647 sexto
1935 1616 1980 1646 die
1994 1615 2090 1654 Jimii.

2308 1399 2357 1423 No.
2381 1397 2441 1431 1047

1262 1693 1398 1737 Heqricm
1409 1691 1517 1729 Smith,
1536 1692 1684 1730 Clericus,
1702 1693 1730 1722 in
1750 1693 1863 1723 Artibus
1879 1693 2100 1732 Bacchaiaurius,
2115 1693 2199 1724 habet
2213 1704 2286 1725 con·
2308 1697 2358 1723 No.
2381 1693 2444 1730 103.

1225 1729 1327 1760 similes
1346 1731 1452 1760 Literas
1466 1731 1594 1762 Patentes
1609 1732 1644 1761 de
1659 1731 1862 1769 presentatione
1874 1732 1908 1762 ad
1918 1732 2088 1762 Reum-iam
2105 1732 2141 1763 de
2148 1732 2282 1771 Alwing-

1225 1776 1275 1798 ton
1290 1768 1420 1798 Diocesis
1436 1771 1565 1808 Exom'e,
1582 1771 1641 1807 jam
1655 1770 1793 1809 legittime
1814 1771 1847 1800 ὃς
1873 1771 1908 1800 de
1928 1772 1990 1808 jure
2011 1779 2179 1809 vacantem,
2198 1774 2230 1802 &
2249 1773 2285 1803 ad

1225 1806 1350 1837 nostram
1363 1808 1602 1844 presentationem
1620 1818 1667 1845 per
1683 1809 1848 1845 pravitatem
1865 1809 1993 1839 Simonie
2009 1808 2062 1838 hac
2081 1809 2146 1840 vice
2160 1810 2288 1847 spestan-

1225 1854 1303 1884 tem,
1322 1847 1355 1876 ὃς
1371 1846 1530 1885 diriguntur
1543 1847 1579 1877 he
1597 1846 1690 1876 Litere
1708 1846 1884 1877 Reverendo
1900 1848 1929 1877 in
1945 1847 2063 1878 Christo
2078 1847 2152 1878 Patri
2178 1848 2288 1880 Domi-

1226 1894 1268 1915 no
1285 1883 1416 1923 Josepho,
1436 1888 1545 1915 Exonie
1559 1884 1711 1925 Episcopo.

1261 1923 1348 1954 Teste
1367 1923 1448 1963 Rege
1464 1924 1538 1962 apud
1559 1923 1831 1962 Wstmonasterium,
1848 1924 1988 1955 vicesimo
2005 1925 2107 1963 quinto
2128 1924 2186 1955 Die
2199 1926 2291 1964 Junii.
2336 1947 2338 1949 .

1264 2001 1343 2038 Hugo
1357 1998 1485 2040 Hobsbn,
1507 2000 1654 2039 Clericus,
1672 2001 1701 2031 in
1717 2000 1833 2031 Artibus
1850 2000 1988 2041 Magister
2002 2023 2011 2039 ,
2030 2001 2114 2031 habet
2133 2002 2294 2032 consimiles
2315 2003 2363 2027 No.
2384 2002 2446 2028 ¹sz

1227 2038 1335 2070 Literas
1349 2039 1478 2070 Patentes
1494 2039 1530 2069 de
1545 2040 1748 2077 presentatione
1760 2040 1793 2069 ad
1810 2040 1976 2071 Re&0riam
1997 2040 2094 2070 Sansti
2116 2040 2247 2080 Stephani
2263 2043 2292 2071 in

1206 2081 1209 2085 '
1228 2077 1354 2109 Civitate
1366 2077 1533 2119 Brisbolienfi
1545 2078 1677 2109 Diocesis
1694 2077 1892 2123 Brijiolieifis,
1906 2079 1967 2117 jarn
1992 2079 2132 2122 legittime
2155 2081 2188 2110 ὃς
2203 2080 2237 2110 de
2253 2081 2295 2118 ju-

1227 2126 1258 2147 re
1275 2123 1441 2155 vacantem,
1456 2118 1489 2148 ὃς
1511 2116 1545 2148 ad
1565 2117 1690 2147 nostram
1714 2117 1948 2155 presentationem
1973 2117 2060 2156 pleno
2078 2127 2140 2155 Jure
2163 2118 2290 2156 speetam

1228 2164 1309 2194 tem,
1325 2157 1358 2188 &
1372 2156 1532 2194 diriguntur
1549 2156 1587 2187 he
1607 2156 1697 2187 Litere
1712 2156 1888 2187 Reverendo
1903 2157 1933 2186 in
1958 2159 1970 2174 ⁶⁶
1991 2155 2111 2187 Christo
2130 2157 2205 2187 Patri
2223 2157 2291 2187 Do·
2316 2166 2427 2198 *iti‘x*

1229 2196 1310 2225 mino
1324 2195 1455 2232 Roberto,
1473 2193 1642 2235 Bristolienfi
1659 2194 1811 2233 Episcopo.
2256 2201 2261 2235 ’Δ
2313 2210 2350 2245 46
2420 2193 2429 2199 “

1267 2232 1358 2264 Teste
1376 2233 1459 2273 Rege
1472 2234 1546 2273 apud
1561 2233 1832 2274 Wejlmonasterium,
1850 2233 1987 2265 vicesimo
2009 2231 2110 2272 quinto
2122 2233 2168 2264 die
2182 2233 2271 2272 Junii.
2354 2230 2360 2238 '

1249 2306 1432 2340 .Willielmus
1454 2309 1611 2340 Claibrooke
1624 2334 1634 2347 ,
1659 2309 1806 2350 Clericus,
1828 2311 1858 2341 in
1879 2310 1996 2342 Artibus
2025 2310 2180 2350 Magister,
2205 2311 2292 2343 habet
2315 2316 2364 2341 No.
2386 2315 2448 2341 ior:

1230 2349 1392 2380 consimiles
1407 2350 1512 2381 Literas
1520 2350 1650 2380 Patentes
1665 2350 1700 2380 de
1715 2351 1919 2388 presentatione
1934 2350 1967 2379 ad
1984 2349 2153 2380 Reetoriam
2168 2349 2202 2379 de
2210 2350 2294 2380 Poul-

1231 2387 1366 2418 lerocchon
1382 2388 1513 2418 Diocesis
1530 2387 1704 2428 Menevenfis
1720 2398 1769 2426 per
1792 2396 1922 2419 mortem
1944 2388 2038 2419 ultimi
2059 2388 2258 2419 Incumbentis
2272 2390 2295 2418 i-

1232 2427 1330 2457 bidem
1341 2427 1404 2465 jam
1420 2435 1585 2464 vacantem,
1603 2427 1637 2457 &
1659 2427 1694 2456 ad
1716 2426 1839 2457 nostram
1863 2427 2101 2464 presentationem
2129 2425 2214 2465 pleno
2233 2428 2297 2464 jure

1232 2465 1407 2504 spediantem
1421 2477 1430 2502 ς
1446 2466 1478 2496 &
1494 2465 1652 2504 diriguntur
1665 2465 1701 2495 he
1718 2466 1811 2495 Litere
1827 2465 2000 2497 Reverendo
2024 2467 2052 2496 in
2075 2465 2197 2496 Christo
2217 2465 2296 2497 Patri

1232 2504 1369 2535 Domino
1384 2503 1543 2542 Theophila,
1562 2503 1727 2543 Menevenfi
1740 2503 1891 2541 Episcopo.

1268 2541 1359 2573 Teste
1375 2542 1456 2581 Rege
1470 2543 1544 2580 apud
1563 2542 1835 2581 Westmmiasteriusn,
1851 2542 1986 2574 vicesimo
2000 2544 2104 2582 quinto
2121 2543 2166 2574 die
2186 2543 2278 2581 Junii.

1262 2622 1406 2660 Johannes
1420 2622 1507 2657 Hite,
1525 2616 1673 2658 Clericus,
1691 2619 1719 2649 in
1737 2619 1852 2651 Artibus
1868 2619 2024 2658 Magister,
2044 2619 2129 2650 habet
2155 2619 2293 2650 conlimi-
2314 2625 2362 2650 No.
2385 2626 2449 2650 1002

1228 2661 1267 2692 les
1282 2662 1387 2692 Literas
1406 2658 1536 2689 Patentes
1548 2658 1584 2688 de
1599 2659 1803 2696 presentatione
1818 2659 1851 2688 ad
1866 2658 2034 2689 Ree'toriam
2057 2658 2093 2688 de
2109 2657 2291 2689 Shermanbu-

1227 2710 1260 2740 ry
1276 2698 1407 2730 Diocesis
1422 2696 1587 2737 Cicellrenfis
1595 2698 1656 2735 jam
1672 2697 1815 2733 legittime
1829 2697 1861 2728 δε
1879 2698 1914 2727 de
1933 2698 1997 2736 jure
2018 2707 2184 2735 vacamem,
2204 2700 2236 2729 &
2256 2699 2291 2728 ad

1228 2737 1354 2769 nostram
1371 2736 1605 2775 presentationem
1622 2744 1670 2773 per
1688 2736 1855 2772 pravitatem
1872 2736 2001 2767 Simonie
2016 2736 2069 2766 hac
2086 2738 2150 2767 vice
2165 2738 2292 2774 spectan-

1228 2785 1307 2815 tem·⁷
1325 2777 1358 2807 δε
1374 2776 1530 2813 diriguntur
1544 2775 1581 2804 he
1598 2773 1692 2803 Litere
1712 2773 1887 2806 Reverendo
1904 2776 1935 2805 in
1950 2774 2070 2805 Christo
2084 2774 2161 2806 Patri
2181 2775 2292 2806 Domi-

1229 2826 1269 2846 no
1284 2817 1412 2852 Georgia,
1431 2812 1585 2853 cicestrensi
1596 2812 1751 2850 Episcopo.

1266 2854 1358 2885 Teste
1374 2852 1458 2891 Rege
1470 2851 1544 2890 apud
1566 2850 1838 2891 Wstmonasterium,
1855 2852 1994 2882 vicesimo
2006 2851 2114 2882 octavo
2127 2851 2172 2882 die
2185 2852 2275 2890 Junii.

1267 2928 1467 2971 christophorus
1479 2931 1611 2965 strange,
1629 2927 1778 2965 Clericus,
1794 2927 1879 2958 habet
1894 2928 2055 2959 consimiles
2071 2929 2177 2958 Literas
2190 2928 2291 2960 Paten-
2309 2928 2358 2953 No,
2378 2929 2427 2961 99}

1228 2976 1269 3000 tes
1281 2968 1318 3000 de
1329 2968 1531 3006 presentatione
1546 2968 1579 2997 ad
1596 2966 1766 2996 Redfflriam
1777 2966 1813 2996 de
1824 2965 1996 2996 Trehanocke
2011 2967 2073 2998 alias
2087 2967 2290 2998 Dehaverocke

1230 3007 1361 3037 Diocesis
1378 3009 1486 3036 Exonie
1497 3007 1557 3044 jam
1573 3005 1713 3043 legittime
1726 3006 1759 3036 &
1780 3004 1815 3034 de
1837 3006 1895 3042 jure
1916 3015 2066 3036 vacantem
2083 3029 2092 3044 ,
2120 3008 2154 3038 δε
2178 3007 2211 3037 ad
2236 3018 2291 3037 no-

1230 3045 1317 3076 stram
1330 3045 1567 3082 presentationem
1582 3053 1632 3083 per
1659 3045 1827 3083 pravitatem
1847 3043 1980 3074 Simonie
2004 3045 2057 3075 hac
2079 3046 2142 3076 vice
2164 3044 2290 3083 spetian-

1229 3093 1309 3120 τεῖος
1328 3085 1361 3114 &
1376 3084 1531 3122 diriguntur
1546 3082 1584 3112 he
1601 3082 1694 3112 Litere
1710 3081 1884 3113 Reverendo
1897 3083 1925 3112 in
1941 3081 2059 3114 Christo
2081 3084 2157 3115 Patri
2181 3084 2289 3113 Domi-

1231 3133 1271 3153 no
1285 3122 1399 3161 Josbpho
1409 3145 1419 3160 ,
1434 3124 1541 3151 Exonie
1553 3120 1710 3158 Episcopo.

1264 3161 1354 3192 Teste
1368 3161 1450 3200 Rege
1463 3159 1538 3198 apud
1553 3158 1824 3199 Wstmonasterium,
1844 3159 1940 3197 primo
1953 3160 1998 3190 die
2013 3159 2093 3196 Julii.

1267 3240 1394 3276 Georgius
1406 3240 1500 3275 Bate,
1519 3235 1664 3274 Clericus,
1683 3236 1767 3267 Sacre
1780 3235 1945 3275 Theologie
1962 3235 2190 3272 Bacchalaureus,
2203 3234 2288 3268 habet

1228 3277 1390 3308 consimiles
1424 3276 1533 3308 Literas
1561 3275 1687 3306 Patentes
1716 3275 1752 3305 de
1775 3276 1980 3314 presentatione
2002 3275 2035 3305 ad
2059 3274 2227 3305 Rethoriam
2249 3277 2286 3308 de

1226 3316 1440 3356 Leckhamsteed
1453 3314 1584 3346 Diocesis
1597 3313 1742 3344 Lincolnie
1753 3315 1814 3352 jam
1829 3314 1968 3353 legittime
1991 3313 2024 3343 δε
2047 3312 2083 3341 de
2103 3315 2161 3350 jure
2182 3323 2284 3346 vacan-

1226 3363 1304 3393 tem,
1321 3356 1354 3386 &
1368 3355 1403 3384 ad
1416 3353 1543 3384 nostram
1564 3353 1799 3391 presentationem
1821 3353 1877 3382 sive
1897 3362 1945 3390 per
1966 3351 2128 3387 pravitatem
2153 3351 2284 3384 Simonie

1225 3394 1283 3424 five
1301 3403 1351 3432 per
1365 3393 1472 3431 lapsum
1485 3394 1621 3431 temporis
1645 3392 1701 3421 sive
1723 3392 1819 3429 aliquo
1843 3391 1896 3421 alio
1920 3399 2093 3427 quocunque
2115 3391 2205 3421 modo
2229 3393 2284 3422 hac

1225 3434 1293 3463 vice
1305 3432 1497 3469 spe6³tantem3
1515 3431 1548 3461 &
1562 3430 1716 3469 diriguntur
1730 3430 1768 3460 he
1784 3429 1878 3459 Litere
1910 3428 2081 3459 Reverendo
2103 3430 2131 3459 in
2163 3429 2283 3461 Christo

1225 3471 1301 3501 Patri
1314 3470 1460 3508 Johanni,
1477 3468 1622 3499 Lincolm'e
1639 3468 1792 3506 Episcopo.
1999 3504 2004 3509 .

1259 3509 1351 3540 Teste
1366 3509 1449 3547 Rege
1465 3508 1540 3546 apud
1556 3506 1825 3546 Weftmonasterium‚
1841 3503 1964 3535 secundo
1977 3503 2022 3534 die
2034 3503 2116 3542 Julii.

2307 3251 2355 3277 No.
2374 3249 2422 3290 98³

1257 3585 1420 3617 Natham'el
1429 3588 1472 3616 Gu
1497 3595 1549 3622 on,
1567 3583 1715 3619 Clericus,
1731 3583 1761 3612 in
1782 3581 1898 3612 Artibus
1921 3579 2078 3624 Magister,
2099 3581 2186 3614 habet
2211 3592 2285 3614 c0n⁴

1223 3625 1325 3656 similes
1338 3626 1445 3656 Literas
1481 3631 1585 3654 atentes
1599 3624 1634 3653 de
1650 3621 1852 3660 presentatione
1867 3619 1900 3649 ad
1910 3619 2077 3649 Reeioimm
2091 3620 2126 3649 de
2136 3623 2283 3659 Wymond.

1221 3664 1287 3695 ham
1302 3663 1429 3695 Diocesis
1443 3660 1583 3693 Lincolnie
1597 3671 1645 3698 per
1658 3659 1872 3695 relignationem
1895 3658 1987 3688 ultimi
2011 3657 2208 3689 Incumbentis
2230 3662 2283 3691 ibi-

1221 3703 1290 3734 dem
1298 3703 1360 3742 jam
1375 3710 1542 3737 vacantem,
1558 3702 1591 3731 δε
1606 3700 1640 3729 ad
1657 3698 1782 3729 nostram
1800 3696 2034 3734 presentationem
2049 3697 2136 3734 pleno
2153 3698 2220 3735 jure
2235 3700 2281 3730 vel

1222 3742 1318 3780 aliquo
1333 3742 1388 3772 alio
1402 3748 1575 3778 quocunque
1591 3737 1683 3768 modo
1699 3735 1897 3779 spedtantem3
1916 3736 1949 3766 &
1963 3735 2119 3771 diriguntur
2133 3736 2171 3766 he
2191 3737 2283 3769 Litere

1221 3780 1396 3811 Reverendo
1412 3780 1441 3810 iri
1455 3777 1574 3809 Christo
1585 3776 1660 3807 Patri
1674 3775 1809 3804 Domino
1822 3772 1956 3811 Johanni,
1974 3772 2113 3803 Lincolnie
2127 3774 2282 3814 Episcopo.

1255 3819 1344 3850 Teste
1359 3818 1442 3857 Rege
1454 3816 1528 3856 apud
1544 3812 1816 3853 Wstmonasterium,
1834 3820 1934 3850 quarto
1947 3811 1993 3841 die
2011 3811 2092 3850 Julit'.

2303 3595 2353 3620 No·
2372 3594 2419 3630 97³]

1260 3891 1372 3936 IsZacus
1383 3893 1551 3930 Anoubias,
1565 3890 1712 3933 Clericus,
1733 3889 1816 3920 habet
1838 3887 2001 3919 consimiles
2014 3888 2132 3933 'Lite-ras
2154 3890 2283 3923 Patentes

1223 3934 1259 3966 de
1272 3932 1477 3975 presentatione
1494 3930 1529 3961 ad
1550 3928 1716 3972 Rectoriam
1739 3928 1775 3958 de
1798 3927 1957 3963 Egremond
1980 3927 2111 3959 Diocesis
2132 3930 2283 3972 Cestrienfis

1221 3975 1283 4013 jam
1298 3972 1433 4010 legittime
1448 3969 1481 3999 ὃ(
1498 3968 1605 4005 dejure
1622 3975 1788 4002 vacantem,
1807 3968 1841 3996 ὃ(
1858 3965 1891 3996 ad
1908 3965 2032 3997 nostram
2048 3967 2283 4004 presentationem

1226 4021 1277 4050 per
1294 4009 1402 4048 lapsum
1416 4007 1553 4045 temporis
1565 4006 1620 4036 hac
1637 4006 1702 4036 vice
1723 4005 1916 4081 speffitssngem,
1933 4006 1966 4036 ὃ(
1980 4004 2141 4043 diriguntur
2155 4008 2191 4038 he
2209 4009 2296 4075 Lite-e

2306 3912 2354 3937 No.
2372 3908 2420 3943 96-
