2536 4255
682 132 1448 183 CONVENTIONES
1514 131 1902 184 LITERAE,

1360 230 1442 251 mero
1465 228 1548 251 motu
1570 220 1671 252 nostris
1685 243 1694 259 ,
1712 229 1766 258 pro
1781 219 1881 250 Nobis
1890 242 1899 258 ‚
1917 215 2078 249 Heredibus
2089 216 2123 249 &
2135 215 2350 252 Successoribus
2363 230 2419 252 no-
2433 214 2510 250 Ani!-
2524 235 2525 238 ¹

231 136 314 193 ‘188

90 235 170 269 Ann.
182 235 222 266 D.
235 247 301 268 rum
317 235 450 271 suorum,
468 230 623 269 recuperari
638 252 647 267 ‚
665 229 729 266 capi
745 251 755 265 ,
774 227 877 266 levari,
896 225 978 258 seisiri
995 225 1038 258 vel
1058 224 1129 256 solvi
1145 224 1247 256 Nobis
1262 221 1310 254 vel

111 277 147 307 16
153 285 200 317 31.
237 286 290 314 pro
303 274 414 310 Nobis,
434 271 478 302 vel
494 269 527 300 ad
544 268 625 300 usum
649 268 782 311 nostruin
796 266 947 312 Heredum
972 265 1005 296 &
1025 263 1227 297 Succefforum
1252 270 1307 291 no-
1353 258 1433 297 striS,
1451 257 1652 305 Concedimus
1669 259 1748 303 quod
1761 258 1881 303 prefatus
1898 261 1930 287 T.
1948 260 1980 301 Τ.
1999 256 2119 287 durante
2137 259 2417 305 termino—premat),
2451 257 2520 298 163'1

91 320 144 344 An.
160 325 186 350 7.
239 314 362 345 strorum
382 313 409 340 in
432 309 595 346 Recepturn
614 306 755 338 Scaccarii
771 305 860 336 nostri
876 304 1026 336 Heredum
1048 305 1082 335 ὃς
1100 301 1305 342 Successorum
1352 298 1395 343 &x
1403 296 1494 328 debita
1503 298 1642 342 soiutione
1651 298 1799 342 Pssedlffl⁵2
1818 298 1878 329 &c.
1900 295 1954 327 Vel
1969 295 2040 340 infra
2056 294 2233 340 quadraginta
2247 296 2304 330 dies
2318 308 2415 337 proxi-
2428 298 2481 324 An.
2499 305 2514 334 7
2530 297 2536 337 ξ

92 354 154 382 Cir.
177 362 201 381 i.
238 352 400 385 nostrorum
416 358 461 379 aut
475 349 538 378 alibi
556 370 566 385 ,
591 355 637 378 aut
654 345 793 384 prefatum
811 347 841 374 T.
859 345 905 376 vel
923 343 1059 374 Uxorem
1077 342 1154 373 suam
1174 339 1307 382 prosequi
1352 345 1402 365 me
1417 335 1482 372 post
1497 336 1574 367 diem
1591 337 1744 368 Solutionis
1759 336 1826 367 inde
1841 344 1925 374 prout
1938 334 2061 373 superius
2077 334 2288 374 limitatur,per
2299 338 2415 376 aliquod
2429 336 2492 363 Car.
2513 336 2536 364 il·

110 1326 132 1348 ὓ
141 1328 225 1359 xlx.

95 1373 161 1404 ²95·

239 401 294 430 pro
315 388 400 420 causis
419 387 552 425 predictis
574 394 687 417 tantum
701 406 708 417 ‚
739 383 818 422 quod
844 393 914 414 tunc
931 384 964 415 &
984 382 1066 413 toties
1081 381 1263 423 de‘renipore
1277 385 1307 405 in

240 437 352 466 tempus
366 449 376 465 ,
403 426 453 463 ipsi
476 427 510 458 ὃς
532 425 649 463 quilibet
672 432 773 454 eorum
789 445 798 460 ,
823 423 922 453 eadem
939 423 972 454 &
990 419 1146 459 quamlibet
1162 417 1228 447 inde
1244 424 1308 453 par-

240 476 318 504 tem,
336 465 495 496 liberabunt
511 464 557 495 vel
572 463 683 494 liberari
704 461 875 499 causabam,
897 462 930 492 δε
953 459 1054 491 Brevia
1077 457 1111 488 de
1133 453 1308 493 supersedeas

240 514 287 536 aut
308 507 460 535 cerciorari
481 513 528 534 aut
542 503 595 533 alia
609 501 708 532 Brevia
722 501 827 531 facient
840 501 873 531 ὅ(
896 500 954 530 fieri
968 497 1119 529 causabunt
1134 502 1224 537 prout·
1232 488 1309 522 casus

241 545 386 581 requiret,
408 543 488 581 super
510 542 717 579 inspectionem
743 539 904 570 Literarum
933 537 1091 568 nostrarum
1114 533 1277 564 Patentium
1297 552 1307 566 ,

241 583 289 614 vel
308 581 521 613 Irrotulamenti
542 581 588 612 vel
616 577 885 616 Exemplificationis
905 576 991 619 inde,
1018 573 1128 615 prefato
1152 575 1186 601 Τ.
1203 573 1249 599 M.
1274 569 1307 599 δε

242 621 353 660 prefato
370 625 403 651 Τ.
422 624 454 651 T.
473 619 681 651 Executoribus
700 618 745 649 vel
762 617 908 655 Affignatis
930 615 982 644 suis
996 612 1052 642 sine
1066 611 1160 648 aliquo
1180 617 1308 653 compu-

240 669 273 691 to
287 669 334 691 aut
349 660 441 699 aliqua
452 660 503 690 alia
519 670 549 690 re
562 659 627 689 inde
642 658 759 695 Nobis,
776 655 938 686 Heredibus
959 652 1004 683 vel
1019 647 1240 695 'Successoribus
1253 656 1308 676 no-

239 698 302 730 stris
322 698 468 730 reddendo
482 699 539 729 sive
550 697 683 729 faciendo
697 718 708 734 ,
732 702 912 734 preterquam
934 691 1114 722 Solutionem
1133 686 1204 718 dicti
1227 685 1308 717 Red—

236 737 314 776 ditus
326 763 336 776 .,
360 738 423 768 &c.
444 736 544 768 Nobis
557 737 703 773 reservati,
721 744 752 766 ut
766 733 910 771 prefertur.
1040 766 1045 772 ,
1198 764 1203 769 ,

239 812 242 814 v
280 776 321 807 Et
335 777 468 815 ulterius,
487 777 523 807 de
535 776 646 815 speciali
661 775 747 814 gratia
760 772 871 808 nostra,
890 779 943 814 pro
959 767 1077 804 Nobis,
1095 763 1258 795 Heredibus
1271 764 1306 795 &

240 815 457 848 successoribus
472 815 590 854 nostris,
609 813 762 846 Damus&
777 809 974 852 Concedirrius
990 805 1098 850 prefato
1115 806 1147 834 Τ.
1168 806 1212 832 M.
1232 802 1309 847 Exe-

244 855 417 893 cutoribus‚
445 853 730 885 Administratoribus
751 852 783 882 &
801 849 952 887 Assignatis
971 845 1023 875 suis
1041 867 1050 882 ,
1069 842 1149 882 quod
1166 841 1306 880 predic‘tus

243 895 275 924 Τ.
295 895 340 924 M.
359 893 532 926 Executores
550 894 584 925 &
604 890 743 928 Affignati
762 889 817 926 sui,
836 888 950 925 plenam
968 883 1137 921 potestatem
1153 883 1186 912 ὃς
1200 880 1306 924 autho-

241 933 352 963 ritatem
374 943 423 971 per
445 933 580 971 presentes
596 931 629 962 ad
645 928 852 966 beneplacitum
872 924 973 968 habeat
995 922 1028 952 &
1045 922 1166 966 babeant
1182 942 1191 957 ,
1208 919 1305 963 dimit-

244 972 342 1008 tendi,
360 971 556 1009 concedendi,
576 972 608 1001 Sc
627 968 661 999 ad
676 967 801 998 Firmam
817 962 959 1000 tradendi,
979 958 1103 992 Dimissa
1119 958 1164 990 vel
1180 967 1304 1002 mentio-

245 1019 310 1041 nata
322 1010 385 1041 fore
400 1010 524 1042 Diniilla
541 1007 669 1048 premissa
679 1029 688 1044 ,
709 1004 753 1035 vel
773 1005 893 1046 aliquam
913 1002 978 1031 inde
993 1008 1102 1038 partem
1114 1021 1124 1036 ,
1141 1007 1194 1036 pro
1207 997 1304 1041 aliquo

246 1058 371 1080 numero
392 1050 545 1080 Annorum
561 1048 629 1077 infra
642 1045 796 1076 terminum
810 1040 987 1079 predi&um,
1006 1039 1069 1070 &c.
1087 1038 1132 1068 vel
1149 1035 1304 1080 assignandi

247 1095 344 1118 torum
358 1087 409 1127 Jus
423 1088 551 1120 interesse
568 1088 600 1116 ἃ
615 1085 768 1115 Clameum
791 1081 888 1117 suum,
905 1079 941 1110 de
954 1079 987 1110 &
1003 1078 1031 1107 in
1049 1075 1184 1114 premissis
1200 1083 1304 1119 virtute

247 1127 419 1164 presentium
446 1127 553 1164 prefato
570 1128 600 1155 T.
619 1127 649 1153 T.
669 1122 714 1153 vel
735 1121 816 1152 alicui
839 1119 886 1149 alii
907 1117 1025 1157 persone
1044 1116 1090 1146 vel
1106 1114 1229 1153 personis
1245 1123 1306 1158 qui-

244 1165 412 1204 buscunque
422 1167 456 1196 ad
473 1166 550 1195 us'uin
566 1162 636 1193 dieti
653 1164 724 1191 ΓΤ.
745 1159 791 1191 vel
808 1158 904 1195 aliter,
923 1158 956 1188 &
975 1165 1028 1194 pro
1039 1153 1207 1192 relaxando,
1228 1163 1307 1191 quie·

245 1211 274 1234 te
291 1205 443 1235 clamando
460 1205 493 1234 ὃ(
513 1200 695 1234 exonerando
709 1223 719 1238 ,
733 1207 834 1228 omnes
848 1198 881 1228 &
897 1195 1019 1239 singulas
1031 1193 1178 1238 personam
1197 1192 1229 1223 &
1243 1201 1307 1230 per-

246 1241 325 1273 sonas
340 1242 534 1280 quascunque‚
554 1240 697 1275 Heredes,
716 1237 890 1268 Executores
906 1258 914 1270 ,
933 1232 1185 1277 Administratores
1201 1232 1233 1275 ἐξ(
1252 1231 1306 1261 As-

245 1280 368 1320 signaros
383 1305 392 1320 ,
417 1282 453 1312 de
475 1292 527 1319 pro
550 1282 582 1311 ὃς
604 1277 807 1310 concernentia
826 1274 952 1313 predista
975 1271 1108 1311 premissa
1123 1271 1167 1301 vel
1183 1270 1304 1308 aliquam

243 1320 311 1351 inde
332 1330 439 1357 partem
455 1343 466 1358 ‚
491 1320 535 1350 Ac
556 1319 640 1349 etiam
664 1315 846 1352 habendum,
865 1311 1023 1356 tenendum
1039 1311 1072 1342 &
1091 1313 1106 1327 *
1122 1308 1305 1348 gaudendum

246 1358 377 1396 premissa
393 1381 402 1395 ,
428 1359 550 1395 predieta
573 1359 605 1388 δε
623 1355 763 1386 Redditus
788 1354 820 1385 ὃς
836 1351 963 1390 proficua
976 1349 1059 1395 inde,
1076 1348 1215 1393 adrsolum
1233 1357 1307 1392 opus

247 1397 281 1428 &
297 1397 376 1427 usum
391 1398 473 1434 ipsius
493 1402 521 1427 T.
541 1399 572 1425 T.
592 1395 703 1426 Statuto
726 1393 803 1424 fac‘to
819 1392 906 1422 Anno
919 1398 1004 1420 tertio
1019 1387 1066 1417 Re
1087 1385 1307 1431 nirprecharissi-

246 1437 289 1467 mi
314 1436 398 1466 Patris
417 1435 505 1466 nostri
525 1434 628 1473 Jacobi
648 1442 736 1471 nuper
755 1432 842 1469 Regis
860 1428 982 1466 Anglie,
998 1426 1059 1462 &a
1090 1426 1221 1457 ntitulato
1241 1426 1308 1460 (An

247 1475 309 1505 All
319 1474 366 1513 Jbr
388 1474 435 1504 the
448 1475 539 1504 better
554 1474 692 1511 distovery
705 1471 764 1501 and
776 1468 917 1513 repreffing
939 1465 1038 1510 ospopi
1053 1475 1067 1493 J
1081 1463 1240 1503 Recusants)
1254 1471 1309 1507 ¹aut

248 1513 344 1550 aliquo
367 1514 423 1544 alio
445 1514 560 1544 Statuto
582 1513 627 1542 vel
642 1511 778 1550 aliquibus
793 1510 851 1539 aliis
866 1510 1000 1541 oraturis,
1017 1503 1173 1547 Adtubus,
1186 1501 1311 1532 Ordina-

245 1552 371 1620 tiofiibus
394 1552 440 1582 vel
463 1551 675 1583 Provisionibus
701 1547 918 1588 quibuscunque
928 1545 959 1574 in
976 1552 1151 1575 contrarium
1166 1540 1233 1572 inde
1249 1550 1311 1572 nori

240 1592 283 1621 ob
310 1590 428 1621 antibus.

283 1629 399 1660 Damus
420 1630 504 1660 etiam
527 1630 561 1660 &
581 1626 785 1664 concedimus,
804 1634 855 1664 pro
870 1621 987 1658 Nobis,
1007 1619 1172 1650 Heredibus
1186 1619 1220 1651 δε
1236 1617 1309 1650 Suc-

245 1668 402 1700 cessoribus
424 1668 525 1699 nostris
547 1677 595 1705 per
616 1666 768 1704 presentes,
787 1663 896 1702 prefato
912 1662 947 1705 Τ.
964 1662 996 1690 Τ.
1015 1659 1128 1697 plenam
1140 1657 1310 1702 potestatem

244 1708 279 1739 δε
303 1708 466 1739 facultatem
486 1708 566 1744 quod
589 1707 646 1744 ipse
663 1707 693 1734 T.
710 1708 739 1734 Τ.
758 1703 842 1734 usum
866 1700 964 1730 Exitus
976 1699 1008 1730 &
1024 1697 1150 1736 proficua
1166 1696 1312 1742 dietorutn

245 1747 463 1785 premissorum,
482 1746 614 1777 Necnon
634 1744 732 1775 eadem
747 1740 876 1780 premisia
889 1749 936 1777 per
949 1737 1084 1768 assensum
1099 1736 1197 1776 prefati
1216 1738 1248 1765 Τ.
1264 1737 1311 1765 M.

248 1787 286 1815 de
307 1795 403 1816 cetero
427 1787 543 1817 durante
564 1785 690 1815 termino
709 1781 839 1819 predicto
853 1803 863 1817 ,
887 1778 990 1808 habere
1005 1784 1132 1820 ,tenere
1145 1798 1156 1813 ,
1173 1773 1314 1814 gaudere,

247 1823 388 1868 possidere
407 1826 441 1857 &
465 1825 589 1861 recipere
604 1823 691 1854 valeat
715 1822 748 1852 &
763 1818 865 1859 poffir,
881 1817 915 1848 ad
931 1824 1079 1858 proprium
1094 1823 1167 1852 opus
1182 1814 1215 1845 &
1226 1812 1312 1858 'usum

248 1863 333 1900 ipsius
351 1866 382 1894 Τ.
402 1867 432 1893 Τ.
452 1864 485 1895 &
505 1862 558 1900 ipsa
573 1863 606 1893 &
621 1862 719 1892 eadem
736 1857 880 1893 habendi,
899 1853 1055 1898 gaudendi,
1073 1851 1252 1898 poffidendi,
1270 1861 1314 1882 re-

250 1903 376 1939 cipiendi
393 1904 426 1933 δε
444 1900 583 1932 retinendi
595 1900 719 1931 habilem
734 1899 768 1929 &
790 1904 925 1934 capacem
938 1893 1059 1936 Facimus
1074 1902 1102 1923 in
1115 1891 1251 1936 omnibus
1263 1899 1314 1929 per

249 1941 388 1979 presentes
410 1941 536 1978 (Statuto
558 1940 661 1970 ultimo
681 1939 860 1968 mentionato
873 1957 883 1973 ,
907 1932 953 1963 vel
973 1932 1068 1970 aliquo
1093 1930 1148 1962 alio
1175 1929 1287 1974 Statuto
1304 1952 1315 1968 ‚

251 1979 459 2017 Ordinatione‚
477 1980 553 2010 Actu
571 1979 617 2008 vel
636 1976 844 2018 provisionibus
868 1970 1083 2012 quibuscunque
1095 1971 1124 2000 iri
1138 1977 1314 2001 contrarium

251 2018 282 2048 in
295 2017 390 2056 aliquo
406 2029 466 2050 non
478 2016 678 2052 obstantibus).
1267 2047 1272 2052 .
1297 2047 1303 2052 .

287 2055 326 2087 Et
340 2057 451 2092 ulterius
468 2057 611 2087 Volumus
625 2056 658 2086 ὃ(
673 2052 890 2089 concedimus,
909 2050 943 2082 &
967 2058 1018 2087 per
1037 2047 1176 2086 presentes
1194 2056 1319 2085 precipi-

249 2102 316 2126 mus
332 2097 365 2127 &
381 2096 565 2132 mandamus,
578 2095 713 2125 omnibus
726 2093 758 2123 &
774 2090 885 2130 singulis
900 2088 1019 2120 Clericis
1034 2086 1186 2117 Affisarum
1200 2087 1234 2118 ὅ(
1250 2085 1318 2116 Cle-

251 2135 319 2164 ricis
335 2135 415 2165 Pacis
425 2158 434 2173 ,
452 2137 479 2164 in
496 2135 623 2173 quolibet
638 2133 788 2164 Comitatu
803 2129 906 2172 Regni
919 2126 1009 2158 nostri
1021 2125 1123 2163 Anglie
1133 2148 1142 2164 ‚
1160 2124 1239 2164 quod
1254 2124 1318 2155 nul-

253 2173 314 2204 lum
330 2173 435 2205 facient
449 2173 494 2205 vel
511 2174 641 2204 emittent
657 2171 746 2202 Breve
762 2169 807 2201 vel
823 2168 940 2205 Brevm,
959 2166 1125 2210 processum
1143 2164 1189 2196 vel
1201 2173 1316 2208 proces-

252 2211 314 2249 sus,
332 2212 522 2243 Warrantum
545 2212 589 2243 vel
606 2211 758 2242 Warranra
771 2231 780 2247 ,
799 2218 853 2246 pro
866 2205 1077 2242 comparenciis
1091 2204 1138 2235 vel
1150 2211 1317 2241 apparencia

251 2250 371 2288 predisti
380 2256 412 2282 T.
422 2255 508 2282 T.aut
525 2252 620 2282 uxoris
634 2250 681 2280 sue
695 2249 729 2279 ad
742 2247 859 2278 Affisam
874 2245 919 2277 vel
929 2243 1028 2275 Affisas
1037 2242 1213 2283 ‚generalem
1222 2241 1319 2272 Goale

253 2289 487 2321 deliberationem
495 2315 504 2327 ,
514 2291 560 2321 vel
573 2289 712 2328 generales
727 2287 771 2317 vel
786 2283 962 2325 quarteriales
971 2282 1146 2320 ,Seslionem
1162 2281 1207 2326 vel
1214 2279 1318 2326 Sestio-

253 2337 303 2358 nes
323 2331 397 2366 pacis
418 2340 472 2368 pro
492 2329 664 2360 Recusancia
684 2335 797 2358 tantum
815 2323 936 2363 prediffl
955 2325 986 2352 Τ.
1002 2324 1033 2352 T.
1050 2321 1095 2353 vel
1110 2329 1206 2352 uxoris
1220 2319 1319 2364 ipsius,

253 2368 288 2399 &
307 2369 385 2405 quod
409 2370 427 2400 si
451 2368 592 2407 predic'tus
610 2372 639 2396 T.
658 2370 689 2396 T.
708 2373 755 2397 aut
781 2372 852 2395 uxor
874 2363 932 2400 ejus
952 2362 982 2391 in
1002 2360 1141 2399 personis,
1158 2358 1259 2390 Terris
1274 2358 1321 2390 vel

254 2406 338 2436 bonis
359 2407 411 2437 suis
433 2410 528 2446 aliquo
547 2406 635 2438 modo
655 2412 785 2445 gravetur
800 2425 809 2440 ,
827 2403 935 2433 ratione
950 2400 1065 2437 alicujus
1081 2399 1142 2430 talis
1157 2397 1320 2436 processus,

253 2445 334 2482 quod
353 2455 423 2476 tunc
440 2446 520 2484 super
533 2446 729 2477 ostentionem
744 2442 845 2473 harum
866 2441 1027 2471 Literarum
1042 2437 1201 2481 nostrarum
1216 2436 1320 2480 Paten-

254 2486 328 2514 tium
341 2507 350 2521 ‚
375 2485 478 2517 abinde
498 2486 650 2516 liberentur
669 2484 703 2513 &
724 2480 960 2520 acquietabuntur
975 2501 986 2517 ‚
1010 2487 1098 2516 quam
1114 2476 1163 2521 diu
1175 2474 1320 2506 Redditus

254 2523 398 2558 predic‘his
413 2534 462 2561 per
477 2524 614 2563 presentes
629 2522 795 2557 reservatuS,
810 2519 907 2550 debite
925 2517 1040 2548 Solutus
1054 2516 1147 2546 fuerit.
1179 2554 1184 2558 ι

297 2559 333 2590 Et
347 2561 476 2601 ulterius,
495 2563 530 2592 de
543 2563 630 2601 gratia
642 2560 738 2592 nostra
750 2559 858 2597 speciali
871 2556 1031 2593 Volumus,
1051 2552 1268 2597 Concedrmus³
1284 2552 1318 2584 &

255 2607 306 2636 per
320 2600 457 2635 presentes
475 2601 648 2631 Mandamus
658 2623 667 2638 ,
685 2608 739 2639 pro
754 2597 868 2634 Nobis,
888 2594 1047 2626 Heredibus
1060 2595 1094 2626 ὅ(
1104 2591 1321 2635 Successoribus

255 2637 357 2667 nostris
373 2648 421 2676 per
437 2639 591 2677 presentes,
609 2638 688 2676 quod
704 2636 845 2675 predictus
862 2638 894 2664 T.
912 2638 942 2664 T.
959 2634 1077 2664 durante
1094 2631 1234 2662 solutione
1249 2629 1320 2660 dieti

256 2675 400 2707 Redditus
415 2678 494 2708 nullo
513 2678 604 2707 modo
620 2678 742 2712 citetur,
759 2670 1205 2709 excomunicetur,attachietur‚
1220 2669 1321 2712 impri-

254 2713 390 2754 sonetur,
414 2725 463 2747 aut
486 2715 543 2746 fine
557 2715 601 2746 seu
617 2714 731 2745 Mareia
749 2713 935 2750 pecuniarum
957 2711 1147 2748 inquietetur,
1162 2708 1207 2738 seu
1223 2707 1319 2750 aliquo

257 2753 351 2783 modo
367 2763 500 2792 gravetur
516 2778 524 2789 ,
551 2755 661 2785 ratione
684 2761 795 2783 tantum
820 2749 996 2780 Recusancie
1016 2748 1062 2778 sue
1083 2747 1128 2777 vel
1149 2754 1243 2775 uxoris
1257 2745 1320 2782 sue,

253 2801 304 2831 per
327 2792 453 2831 aliquem
468 2793 603 2833 Judicem
629 2793 686 2822 sive
703 2790 818 2830 Judices
840 2786 1051 2819 Ecclesiasticos
1066 2810 1076 2823 ,
1093 2783 1322 2828 Commiffiona-

255 2832 331 2860 rium
346 2834 391 2862 vel
399 2832 671 2863 Commissionarios
686 2839 737 2867 pro
753 2828 838 2859 causis
854 2824 1071 2863 Ecclesiastici8‚
1081 2824 1128 2865 vel
1141 2823 1210 2854 alios
1223 2821 1320 2852 Com-

257 2868 462 2909 miffionarios,
484 2870 634 2901 Ministros
648 2870 697 2900 vel
710 2867 834 2898 subditos
848 2865 960 2896 nostros
975 2863 1125 2894 Heredum
1141 2861 1188 2893 vel
1202 2860 1322 2891 Succes-

256 2907 354 2938 sorum
373 2910 539 2940 nostrorum
561 2909 745 2947 quoscunque
784 2905 854 2936 Nec
870 2903 948 2935 causa
964 2902 1106 2941 predista,
1124 2902 1152 2932 in
1167 2900 1260 2931 domo
1275 2898 1322 2943 seu

257 2945 344 2977 bonis
369 2948 532 2979 molestetur
555 2958 603 2986 per
624 2947 730 2985 aliquos
753 2930 903 2975 Ministros
924 2942 1048 2972 Camere
1068 2939 1165 2971 nostre
1181 2961 1191 2977 ,
1209 2947 1255 2983 aut
1273 2938 1324 2981 ali:

257 2994 333 3022 quos
353 2987 421 3017 alios
445 2986 599 3017 Ministros
621 2995 666 3016 aut
690 2984 813 3015 subditos
836 2981 949 3012 nostros
969 2979 1095 3018 ejusdem
1122 2987 1251 3016 generis,
1271 2979 1322 3006 nisi

256 3032 307 3065 per
325 3023 442 3063 speciale
457 3025 501 3055 W
503 3034 646 3056 artantum
662 3023 854 3060 Subscriptum
872 3030 921 3058 per
938 3020 1006 3050 Nos
1020 3019 1065 3049 vel
1080 3019 1222 3057 privatum
1239 3015 1322 3060 Con-

258 3062 351 3104 silium
372 3063 504 3095 nostrum
531 3064 681 3094 Heredum
705 3061 751 3093 vel
773 3060 975 3091 successorum
1002 3056 1168 3088 nostrorum
1192 3064 1326 3086 nomina·

257 3108 322 3132 tlm.

298 3139 334 3171 Et
355 3141 469 3172 ulterius
489 3140 631 3172 Volumus
655 3141 688 3171 &
704 3137 921 3174 Concedimus,
939 3145 972 3166 ac
988 3145 1035 3174 per
1049 3133 1188 3173 presentes
1202 3133 1326 3172 precipi-

263 3187 328 3209 mus
343 3189 395 3220 pro
409 3180 526 3217 Nobis,
544 3179 708 3210 Heredibus
720 3179 753 3208 ἃ.
767 3175 981 3206 Successoribus
993 3172 1094 3204 nostris
1104 3196 1113 3211 ,
1129 3173 1209 3211 quod
1222 3172 1326 3202 duran-

262 3225 291 3247 te
307 3220 432 3249 termino
448 3218 578 3259 predidlo
598 3242 608 3255 ‚
631 3218 663 3248 ὅ(
707 3215 818 3246 uamdiu
840 3213 979 3244 Redditus
996 3212 1136 3250 predictus
1152 3211 1266 3241 Solutus
1280 3211 1326 3240 fo-

263 3264 306 3285 ret
324 3280 333 3294 ,
362 3257 454 3288 modo
472 3259 506 3289 &
524 3258 618 3288 forma
639 3265 685 3293 pre
708 3255 768 3284 ieris
781 3278 790 3291 ,
810 3253 884 3283 nulla
901 3251 1017 3290 persona
1030 3250 1076 3281 vel
1093 3249 1209 3287 persone
1226 3250 1255 3278 in
1271 3258 1326 3278 no-

264 3295 345 3325 mine
360 3296 459 3326 nostro
474 3296 624 3327 Heredum
639 3293 683 3325 vel
699 3291 900 3324 Success'orum
920 3289 1084 3320 nostrorum
1100 3311 1109 3325 ,
1127 3288 1173 3318 vel
1186 3289 1214 3317 in
1229 3288 1327 3317 norni-

266 3333 351 3363 nibus
364 3334 414 3365 suis
427 3336 560 3373 propriis,
577 3334 697 3372 aliquam
711 3331 885 3367 Affionem,
902 3328 1034 3364 Set-Ciam,
1054 3327 1171 3369 Billam,
1190 3326 1325 3364 placitum

267 3372 315 3401 seu
328 3372 564 3404 informationem
580 3375 782 3411 prosequentur
796 3369 841 3398 vel
862 3367 991 3406 prosequi
1004 3370 1132 3402 causent,
1151 3374 1251 3396 contra
1263 3373 1327 3402 pre-

267 3410 380 3440 dietum
399 3415 429 3441 T.
449 3415 478 3441 T.
497 3420 609 3443 tanturn
629 3420 682 3448 pro
703 3407 878 3439 Recusancia
895 3406 940 3436 sua
960 3414 1005 3436 aut
1027 3406 1120 3435 uxoris
1136 3403 1199 3440 sue,
1217 3411 1264 3433 aut
1285 3412 1328 3432 ra-

269 3449 348 3478 tione
364 3449 480 3488 alicujus
498 3449 700 3481 indistamenti
713 3447 758 3478 vel
771 3445 966 3477 conviffionis
984 3452 1095 3474 tanturn
1110 3452 1162 3480 pro
1179 3441 1326 3472 Recusan-

269 3488 315 3517 cia
337 3488 418 3525 ipsius
435 3493 463 3517 Τ.
483 3493 513 3519 Τ.
531 3499 577 3520 aut
602 3488 718 3525 alicujus
741 3485 894 3526 penalitatis
914 3492 959 3513 aut
980 3481 1154 3512 forisfactum
1176 3480 1327 3511 occasione

269 3525 335 3555 inde
349 3550 358 3564 ,
387 3528 431 3557 vel
455 3537 507 3565 pro
530 3527 707 3558 Recusancia
726 3533 835 3554 tanturn
853 3522 946 3552 uxoris
964 3520 1026 3557 sue,
1045 3521 1078 3550 &
1095 3519 1239 3562 quodlnec
1255 3518 1328 3549 Pro-

271 3565 448 3596 thonotarius
460 3566 547 3596 Curie
562 3566 658 3596 nostre
672 3564 707 3595 ad
724 3563 820 3601 placita
838 3561 885 3591 vel
899 3560 983 3597 aliqui
998 3560 1041 3589 alii
1052 3558 1192 3589 Officiarii
1209 3557 1255 3601 vel
1265 3556 1328 3600 Mi-

272 3602 350 3634 nistri'
365 3605 477 3642 alicujus
488 3607 555 3636 alius
572 3604 661 3634 Curie
678 3603 772 3633 nostre
786 3600 898 3631 nullum
917 3598 970 3628 tale
992 3596 1180 3634 imposterum
1195 3604 1331 3633 recipiant

271 3642 319 3671 vel
331 3643 474 3674 dimittant
496 3644 584 3674 Breve
598 3643 643 3674 vel
660 3641 776 3675 Brevia,
791 3639 844 3670 tale
860 3637 1014 3676 placitum,
1034 3635 1191 3673 Querelam
1207 3635 1264 3665 sive
1281 3632 1329 3662 In-

270 3678 475 3713 formationem
489 3682 583 3715 versus
605 3681 745 3719 prefatum
764 3682 794 3708 T.
813 3680 842 3706 T.
863 3677 908 3707 vel
923 3684 1043 3717 uxorem
1062 3674 1162 3711 ipsius,
1177 3682 1229 3709 pro
1244 3672 1330 3703 causis

275 3719 421 3758 PrediCtis,
440 3721 475 3752 Et
494 3721 572 3759 quod
594 3721 614 3750 si
628 3720 687 3751 talis
704 3718 769 3749 billa
783 3716 828 3747 vel
842 3715 922 3753 bille,
938 3715 1073 3752 placitum
1089 3712 1135 3742 vel
1148 3711 1264 3749 placita,
1282 3710 1329 3740 ln-

275 3756 406 3797 ermatio
430 3760 475 3789 vel
502 3760 719 3790 informationes
730 3780 739 3795 ,
766 3765 819 3792 pro
835 3753 922 3784 causis
937 3751 1071 3790 predietis
1083 3750 1175 3780 modo
1187 3750 1267 3788 sunt,
1285 3749 1331 3779 vel

271 3792 368 3831 aliquo
391 3806 519 3835 ternpore
541 3797 728 3836 imposterum
756 3795 861 3825 fuerint
884 3793 993 3822 ibidem
1013 3789 1203 3827 dependentes
1218 3812 1227 3825 ,
1252 3787 1331 3832 quod

275 3841 346 3862 tunc
368 3836 396 3864 in
418 3837 520 3866 eisd-em
535 3861 544 3874 ‚
569 3837 649 3874 super
671 3835 771 3865 harum
794 3833 950 3862 Literarum
970 3828 1130 3859 nostrarum
1148 3826 1331 3863 Parentium,

273 3870 319 3900 vel
342 3870 549 3904 Irrotulamenti
570 3875 635 3904 inde
657 3873 863 3911 inspeetionem
880 3894 890 3906 ,
916 3869 1017 3900 Statim
1038 3866 1192 3904 procedere
1212 3864 1332 3904 superse-

273 3909 356 3938 deant
372 3934 380 3946 ,
408 3913 441 3942 &
467 3912 564 3942 eadem
590 3921 747 3943 exonerent
762 3933 771 3949 ,
795 3908 947 3940 annihilent
972 3908 1005 3937 &
1020 3915 1114 3939 .vacua
1138 3904 1277 3948 reddent,
1296 3905 1329 3934 &

274 3949 353 3986 quod
375 3950 520 3981 Generalis
541 3951 704 3981 Attornatus
725 3948 822 3979 noster
847 3957 900 3985 pro
921 3954 1053 3982 tempore
1080 3942 1216 3974 existente
1231 3966 1240 3980 ,
1265 3943 1332 3972 inde

274 3992 431 4029 procedere
448 4001 506 4021 non
523 3991 679 4027 permittar,
697 3988 742 4018 sed
760 3988 796 4017 ab
812 3987 893 4016 omni
906 3984 1103 4023 prosecutione
1122 3981 1268 4020 superinde
1283 3981 1332 4012 de-

267 4030 347 4060 sistat
363 4031 395 4061 &
413 4028 541 4060 desistere
556 4026 687 4056 causabit.

316 4070 461 4102 Volumus
483 4067 568 4098 eriam
583 4087 592 4102 ,
616 4065 650 4097 ὃς
665 4063 700 4094 de
718 4062 827 4103 speciali
841 4063 927 4101 gratia
942 4060 1037 4092 nostra
1048 4082 1058 4098 2
1076 4068 1150 4091 certa
1165 4057 1289 4091 Scientia
1304 4057 1337 4089 &
1373 4057 1462 4094 Regis
1482 4050 1587 4091 Anglie
1602 4074 1612 4089 ,
1637 4058 1684 4081 aut
1705 4055 1805 4080 eorum
1822 4040 2100 4082 aliquibusantehac
2117 4041 2147 4071 in
2162 4042 2336 4073 contrarium
2349 4042 2433 4073 factis

1351 374 1440 404 breve
1454 373 1500 404 vel
1521 376 1537 392 *⁶
1557 375 1652 407 brevia
1674 376 1721 406 vel
1742 375 1907 413 processum
1920 374 2060 412 aliquem,
2078 381 2126 404 aut
2143 374 2241 412 aliquo
2256 375 2312 406 alio
2327 375 2418 407 modo
2430 370 2449 390 ⁴*
2465 373 2535 402 ΧΠ·

1353 412 1508 443 nullatenus
1533 414 1721 451 compellatur
1743 413 1777 443 ad
1798 414 2026 451 comparendum
2048 422 2146 442 coram
2171 412 2272 443 Nobis
2286 436 2297 452 ‚
2324 414 2419 445 autad
2434 412 2496 446 29⁶·
2532 427 2533 432 ¹

1353 450 1567 482 deveniendum
1581 453 1724 489 obligatus
1740 451 1840 482 Nobis
1852 462 1901 489 per
1915 452 2038 489 aliquam
2056 451 2304 488 Recognirionem
2326 452 2356 482 iri
2371 451 2421 484 ali-

1353 499 1408 527 qua
1431 490 1562 533 pecuniae
1582 491 1692 522 summa
1705 514 1715 527 ,
1739 498 1787 520 aut
1802 490 1836 520 ad
1856 490 2059 521 inveniendum
2071 490 2259 521 Securitatem
2276 489 2421 522 sufficien-

1354 536 1414 558 tem
1431 529 1514 559 nobis
1528 538 1582 567 pro
1595 529 1623 559 sc
1639 529 1713 559 bene
1728 529 1870 567 gerendo,
1889 529 1997 559 ratione
2013 535 2125 560 tantum
2145 528 2324 560 Recusancie
2338 529 2423 567 ipfius

1351 568 1385 596 T.
1403 570 1450 605 T.;
1470 575 1518 598 aut
1535 568 1660 606 ratione,
1679 567 1778 597 colore
1793 567 1839 598 vel
1856 575 1984 605 pretextu
2000 567 2103 597 Staturi
2116 569 2146 598 in
2163 571 2251 598 Anno
2264 571 2355 606 primo
2371 576 2420 600 aut

1353 604 1509 642 Statuti,in
1528 609 1615 637 Anno
1635 605 1757 647 victfimo
1779 606 1863 636 tertio
1888 615 1979 643 nuper
2000 607 2099 642 Regine
2117 605 2272 637 Elizabeth
2295 607 2372 638 edito
2386 607 2421 638 &

1351 644 1466 682 proviso
1486 643 1532 676 seu
1544 645 1649 677 Statuti
1662 646 1692 675 in
1707 647 1795 675 Anno
1811 643 1933 685 vicesimo
1949 643 2045 673 06?an
2058 644 2181 681 ejusdem
2198 656 2289 684 nuper
2302 649 2403 684 Regine

1351 681 1399 713 seu
1424 682 1523 727 Statuti
1549 684 1579 714 in
1593 687 1683 714 Anno
1705 682 1834 724 tricefimo
1856 686 1950 723 quinto
1975 681 2100 720 predicte
2114 692 2203 721 nuper
2221 685 2351 724 Regine,
2369 669 2422 716 vei'

1352 720 1456 765 Statuti
1471 732 1500 752 in
1514 725 1600 754 Anno
1616 725 1696 753 tercio
1711 725 1795 760 Regni
1809 723 1876 752 dieii
1891 724 1985 752 Patris
1997 719 2102 760 nostri,
2120 729 2231 754 tanturn
2246 734 2300 761 pro
2317 724 2420 755 Recu-

1352 758 1443 790 sancra
1465 760 1512 791 sua
1526 772 1537 798 ι,
1557 762 1745 792 nihilominus
1761 761 1778 791 si
1794 760 1984 800 imposterum
1998 759 2083 790 nobis
2096 761 2143 791 vel
2157 761 2273 793 Privato
2287 762 2419 793 Consilio

1350 797 1448 842 nostro
1471 799 1611 831 videbitur
1640 801 1814 832 conveniens
1829 825 1839 839 ,
1865 799 1944 838 quod
1967 798 2059 836 alique
2074 797 2139 829 tales
2154 799 2385 838 Recognitiones
2404 811 2422 832 a

1351 836 1434 881 dieto
1459 841 1491 867 T.
1509 841 1540 868 T.
1566 840 1610 869 exi
1631 847 1742 870 erentur
1758 862 1768 878 ‚
1792 847 1863 870 tunc
1882 838 1916 869 &
1937 839 1968 868 in
1990 838 2038 869 tali
2062 836 2124 868 casu
2142 836 2286 870 Volumus
2303 863 2312 878 ‚
2339 839 2421 878 quod

1351 875 1495 912 prediCtus
1512 879 1544 920 Τ.
1562 879 1594 908 Τ.
1635 877 1709 907 emel
1731 885 1842 908 tantum
1862 877 1993 908 deveniat
2016 875 2118 907 Nobis
2139 877 2278 916 obligatus
2292 901 2303 917 ‚
2322 879 2352 908 in
2366 888 2419 910 eo—

1349 914 1417 944 dem
1436 913 1589 947 Comiratu
1603 916 1632 946 in
1649 925 1708 953 quo
1724 915 1826 946 adhinc
1842 915 2041 946 inhabitaverit
2060 914 2105 946 vel
2122 925 2310 948 commorans
2323 917 2419 955 fuerit,

1351 961 1420 997 cum
1444 952 1602 986 Securitate
1623 953 1775 985 sufficienti
1796 954 1832 984 de
1851 953 1876 984 se
1899 953 1974 985 bene
1995 953 2123 994 gerendo
2147 955 2180 987 &
2198 965 2258 986 non
2274 955 2351 987 aliter
2364 964 2421 987 nec

1350 992 1416 1021 alibi
1431 1001 1484 1030 pro
1496 992 1574 1023 causa
1590 992 1727 1031 predicta.

1386 1029 1425 1061 Et
1446 1031 1558 1062 ulterius
1573 1054 1584 1070 ‚
1614 1031 1650 1063 de
1673 1031 1758 1070 gratia
1779 1029 1875 1061 nostra
1890 1029 2000 1068 speciali
2012 1029 2153 1062 Volumus
2165 1032 2199 1064 &
2216 1031 2420 1064 concedimus

1349 1078 1403 1107 pro
1429 1069 1529 1101 Nobis
1542 1093 1551 1108 ‚
1579 1069 1741 1101 Heredibus
1762 1070 1796 1102 &
1820 1068 2036 1100 Succefforibus
2058 1068 2159 1101 nostris
2181 1080 2230 1110 per
2253 1071 2394 1111 presentes
2409 1094 2420 1110 ,

1350 1108 1430 1146 quod
1447 1109 1588 1146 predictus
1605 1112 1637 1140 T.
1658 1112 1688 1140 Γ.
1704 1108 1783 1140 nullo
1810 1107 1904 1138 modo
1925 1105 2137 1145 imposterum,
2156 1108 2273 1142 durante
2289 1110 2418 1142 termino

1350 1146 1501 1186 predicto,
1520 1150 1552 1179 δε
1569 1147 1664 1179 debita
1682 1147 1821 1178 solutione
1836 1146 1907 1177 dieti
1921 1145 2063 1185 redditus,
2081 1146 2143 1177 &c.
2162 1147 2253 1178 modo
2273 1149 2308 1180 &
2320 1150 2420 1180 forma

1350 1185 1502 1229 prediffis,
1522 1186 1682 1218 Indidietur
1698 1186 1734 1217 de
1748 1187 1780 1218 ὃ(
1796 1194 1848 1224 pro
1868 1183 2045 1216 Recusancia
2058 1183 2104 1215 sua
2118 1188 2251 1224 tantum,
2268 1195 2322 1218 nec
2336 1187 2418 1224 super

1350 1223 1442 1262 aliqua
1459 1224 1520 1256 talia
1535 1225 1745 1257 Indiitamenta
1761 1234 1814 1263 pro
1830 1224 1917 1255 causis
1932 1222 2076 1262 praedietis
2099 1223 2195 1261 aliquis
2208 1224 2356 1262 processus
2372 1224 2419 1255 fiat

1350 1263 1572 1306 autphabeatur,
1591 1264 1647 1296 sive
1662 1273 1711 1302 per
1728 1263 1990 1295 Proclamationem
2004 1262 2051 1293 vel
2067 1246 2331 1302 &odai-nationes,
2347 1262 2420 1294 utla-

1352 1308 1460 1370 {ariam
1484 1303 1531 1333 vel
1558 1303 1704 1343 utlagarias
1718 1325 1728 1341 ,
1752 1302 1797 1333 vel
1813 1302 1908 1340 aliquo
1924 1300 1981 1332 alio
1999 1300 2090 1332 modo
2105 1301 2196 1332 versus
2210 1301 2300 1340 ipsum
2318 1304 2351 1332 T.
2368 1304 2419 1340 T.;

1380 1347 1391 1371 t
1412 1339 1433 1370 fi
1454 1341 1605 1380 contingat
1623 1342 1746 1380 aliquem
1766 1341 1852 1372 talem
1874 1339 2039 1378 processum
2054 1349 2106 1377 pro
2122 1339 2202 1372 causa
2215 1339 2341 1379 predicta
2359 1339 2421 1372 fieri

1352 1377 1399 1410 vel
1419 1388 1550 1410 emanare
1565 1402 1574 1417 ,
1606 1389 1709 1412 contra
1730 1380 1921 1410 intentionem
1945 1378 2073 1409 nostram
2095 1378 2218 1417 superius
2239 1378 2422 1419 expressam,

1354 1417 1434 1456 quod
1459 1426 1528 1449 tunc
1552 1419 1586 1449 &
1609 1420 1700 1450 tocies
1721 1419 1808 1449 breve
1822 1418 1867 1449 vel
1882 1417 1978 1448 brevia
1995 1417 2032 1448 de
2044 1420 2197 1447 Certiorari
2209 1418 2243 1449 ad
2261 1418 2422 1456 inquisitio-

1356 1465 1426 1486 nem
1446 1456 1567 1494 prediffl
1582 1459 1613 1487 T.
1630 1460 1661 1488 T.
1679 1457 1758 1495 super
1782 1455 2056 1487 demonstrationem
2078 1456 2178 1487 harum
2195 1455 2356 1488 Literarum
2369 1467 2424 1488 no-

1355 1493 1476 1525 strarum
1497 1495 1662 1527 Parentium
1680 1518 1690 1534 ,
1714 1495 1760 1526 vel
1781 1494 1992 1526 Irrotulamenti
2007 1494 2194 1532 earumdem,
2214 1494 2271 1526 sine
2285 1495 2422 1527 dilatione

1355 1533 1531 1565 concedetur
1552 1535 1599 1566 vel
1621 1533 1816 1566 concedentur
1833 1556 1842 1570 ,
1865 1533 2044 1564 retornabilia
2063 1542 2164 1564 coram
2182 1533 2282 1564 Nobis
2298 1534 2422 1565 ubicun-

1354 1581 1411 1610 que
1427 1572 1562 1604 fuerimus
1575 1575 1605 1604 in
1621 1572 1746 1612 Anglia,
1763 1572 1796 1604 &
1813 1571 1957 1603 Volumus
1972 1571 2005 1602 &
2024 1570 2194 1602 Mandamus
2207 1571 2285 1609 quod
2300 1583 2316 1603 a
2332 1571 2422 1604 Curia

1354 1610 1477 1648 predicet
1493 1635 1503 1651 ,
1523 1612 1578 1643 tale
1602 1612 1772 1643 Recordum
1789 1611 1828 1642 fic
1842 1620 1891 1650 per
1909 1613 2060 1640 certiorari
2074 1610 2104 1639 in
2123 1610 2248 1648 predicta
2263 1610 2352 1643 Curia
2365 1622 2423 1642 no-

1355 1649 1409 1694 stra
1424 1659 1525 1681 coram
1539 1650 1639 1682 Nobis
1655 1649 1873 1688 Certificatum,
1892 1659 1953 1680 non
1969 1649 2149 1687 permittent,
2165 1649 2198 1679 &
2213 1649 2291 1687 quod
2309 1651 2340 1682 in
2358 1649 2424 1682 Cu—

1356 1698 1395 1718 ria
1411 1688 1659 1760 Fostgad‘gtrediffia
1679 1690 1776 1720 omnis
1800 1688 1916 1720 ulterior
1937 1686 2084 1726 processus
2107 1688 2220 1725 penitus
2236 1688 2352 1722 cessabit
2367 1699 2422 1728 pru

1355 1737 1409 1758 cau
1421 1737 1436 1757 a
1469 1738 1480 1758 r
1520 1740 1527 1760 i
1561 1739 1585 1760 a.

1395 1765 1433 1797 Et
1445 1738 1589 1805 gredicms
1607 1771 1638 1798 T.
1658 1770 1704 1798 M.
1723 1777 1776 1806 pro
1789 1765 1835 1805 se,
1854 1764 2036 1803 Heredibus,
2054 1763 2262 1797 Executoribus
2277 1766 2310 1799 &
2324 1766 2422 1805 Affig-

1356 1806 1430 1837 natis
1449 1806 1501 1837 suis
1525 1805 1675 1838 Convenit
1697 1807 1730 1838 &
1751 1804 1887 1837 concedit
1900 1828 1911 1844 ,
1929 1803 1964 1836 ad
1982 1804 2015 1835 &
2030 1813 2100 1835 cum
2117 1804 2202 1834 nobis
2217 1803 2378 1837 Heredibus
2389 1806 2425 1837 δε

1357 1844 1571 1877 Succefforibus
1585 1846 1688 1877 nostris
1703 1854 1752 1883 per
1772 1844 1925 1882 presentes,
1945 1841 2025 1881 quod
2041 1843 2060 1874 fi
2078 1842 2219 1881 predifflms
2233 1845 2265 1873 Τ.
2284 1846 2329 1874 M.
2348 1843 2426 1876 Exe-

1358 1892 1436 1915 tores
1456 1884 1502 1915 vel
1519 1884 1655 1925 Affignari
1675 1884 1714 1916 sui
1733 1884 1782 1914 has
1805 1883 1914 1914 Literas
1938 1881 2045 1913 nostras
2060 1881 2205 1920 PatenteS,
2226 1883 2255 1913 in
2271 1881 2428 1914 Scaccario

1358 1921 1462 1954 nostro
1479 1924 1548 1954 infra
1562 1924 1686 1962 spacium
1699 1923 1743 1954 sex
1764 1921 1906 1953 mensium
1921 1921 2049 1960 proxime
2062 1921 2237 1960 sequentium
2253 1920 2318 1960 post
2331 1921 2429 1953 datam

1359 1962 1513 1994 earundem
1536 1972 1597 1994 non
1619 1963 1808 1994 irrotulabunt
1830 1961 1876 1992 seu
1900 1959 2040 1992 irrotulari
2063 1959 2216 1992 causabunt
2230 1982 2240 1998 ,
2260 1959 2339 1999 quod
2355 1969 2427 1993 tunc

1360 2000 1503 2040 predidkus
1520 2005 1554 2032 T.
1565 2005 1609 2032 M.
1628 2001 1803 2032 Executores
1815 2000 1848 2031 &
1864 1998 2002 2038 Affignati
2015 1998 2063 2030 sua
2078 1999 2188 2029 solvent
2204 1999 2238 2031 ὃ(
2253 1999 2430 2031 forisfacient

1363 2040 1465 2072 Nobis
1485 2040 1647 2071 Heredibus
1666 2042 1700 2073 &
1723 2038 1938 2071 Succefforibus
1961 2037 2063 2068 nostris
2085 2039 2212 2076 quinque
2232 2037 2317 2069 libras
2333 2037 2430 2078 legalis

1364 2080 1490 2111 Monete
1503 2079 1608 2119 Anglie
1624 2081 1755 2118 (nomine
1770 2078 1855 2117 pene)
1877 2077 2071 2116 pro'quolibet
2085 2077 2207 2107 dimidio
2223 2076 2311 2107 Anno
2322 2085 2431 2108 extunc

1362 2117 1461 2157 postea
1477 2121 1608 2159 proxime
1628 2119 1760 2157 sequente
1773 2141 1783 2157 ,
1801 2119 1830 2148 iri
1846 2126 1906 2155 quo
1922 2115 1958 2146 he
1976 2116 2071 2147 Litere
2085 2115 2181 2147 nostre
2195 2115 2326 2148 Parentes
2341 2115 2430 2152 mini÷

1362 2167 1412 2188 me
1427 2158 1569 2189 irrotulate
1585 2158 1773 2189 remanebunt
1788 2156 1834 2187 seu
1849 2164 1993 2186 remanere
2010 2155 2194 2195 contigerint.

1401 2196 1438 2228 Et
1460 2197 1574 2228 ulterius
1595 2196 1738 2228 Volumus
1757 2196 1791 2227 ὅ(
1818 2193 2019 2226 Concedimus
2031 2218 2041 2232 ‚
2060 2202 2113 2232 pro
2128 2192 2246 2231 Nobis,
2264 2192 2430 2225 Heredibus

1363 2235 1397 2267 &
1412 2235 1627 2267 Succefforibus
1640 2235 1744 2267 nostris
1758 2233 1838 2274 quod
1854 2234 1891 2266 he
1908 2233 2004 2264 Litere
2017 2232 2113 2264 nostre
2128 2231 2278 2270 Parentes,
2297 2233 2344 2263 vel
2358 2233 2431 2263 irro-

1361 2275 1555 2306 tularnentum
1569 2274 1724 2306 earundem
1733 2298 1742 2311 ‚
1761 2281 1843 2304 erunt
1857 2273 1886 2302 in
1900 2272 2036 2302 omnibus
2049 2272 2083 2303 &
2097 2281 2145 2309 per
2159 2271 2256 2301 omnia
2271 2271 2431 2302 Thesaura-

1363 2315 1409 2344 rio
1423 2337 1433 2352 ,
1458 2313 1640 2345 Cancellario
1654 2336 1664 2352 ,
1688 2311 1918 2344 Subtliesaurario
1941 2312 1974 2342 &
1999 2310 2155 2341 Batonibus
2174 2309 2266 2340 Curie
2288 2309 2427 2341 Scaccarii

1364 2351 1454 2383 nostri
1468 2377 1478 2391 ,
1502 2353 1536 2384 &
1555 2353 1692 2383 omnibus
1709 2351 1766 2382 aliis
1783 2349 1939 2381 Officiariis
1957 2350 1991 2380 ὃ(
2013 2348 2155 2379 Ministris
2171 2348 2273 2379 nostris
2287 2349 2336 2386 qui
2349 2357 2428 2378 nunc

1364 2391 1428 2423 sunt
1447 2392 1494 2422 vel
1519 2390 1709 2430 imposterum
1730 2398 1814 2421 erunt
1829 2413 1838 2427 ,
1861 2388 2110 2426 vicecomitibus,
2131 2386 2430 2423 Subvicecomitibus,

1347 2430 1478 2466 „Ballivis
1499 2431 1534 2462 &
1557 2430 1694 2461 omnibus
1716 2430 1775 2460 aliis
1792 2427 1966 2466 Officiariis,
1985 2426 2123 2457 Ministris
2139 2427 2172 2457 &
2189 2424 2314 2455 Subditis
2327 2424 2429 2455 nostris

1364 2469 1514 2500 Heredum
1526 2470 1558 2501 &
1566 2468 1771 2501 Succefforum
1781 2467 1960 2504 nostrorum,
1969 2473 2027 2496 tam
2037 2462 2237 2495 Ecclesiasticis
2251 2472 2337 2500 quam
2351 2471 2428 2494 tem-

1364 2509 1523 2548 poralibus‚
1538 2509 1573 2540 ad
1586 2517 1660 2547 quos
1676 2508 1818 2546 pertinere
1832 2506 1937 2544 poterit
1951 2513 2029 2534 nunc
2046 2503 2079 2534 &
2098 2511 2151 2540 pro
2163 2509 2294 2541 ternpore
2307 2500 2430 2532 existen-

1364 2557 1392 2579 te
1407 2570 1417 2586 ,
1441 2547 1582 2579 sufficiens
1602 2547 1789 2579 Warrantum
1810 2546 1844 2577 &
1865 2544 2031 2574 exoneratio
2051 2542 2079 2571 in
2093 2541 2155 2584 ’hac
2176 2549 2254 2577 parte
2271 2539 2307 2570 de
2321 2540 2355 2570 &
2372 2550 2428 2578 pro

1364 2588 1501 2617 omnibus
1515 2588 1548 2618 &
1564 2585 1677 2625 singulis
1690 2583 1845 2623 premissis,
1860 2583 1894 2614 ὃ(
1910 2580 1987 2620 quod
2010 2580 2047 2610 he
2064 2579 2160 2610 Litere
2172 2577 2267 2622 nostre
2279 2577 2429 2622 Parentes,

1364 2625 1411 2656 vel
1436 2625 1688 2655 Irrotulamentum
1707 2622 1751 2653 vel
1773 2619 2001 2658 Exemplificatio
2024 2617 2089 2648 inde
2112 2619 2145 2648 &
2166 2626 2262 2646 omnia
2277 2627 2306 2648 in
2322 2617 2430 2648 eisdem

1365 2672 1501 2695 contenta
1517 2664 1550 2695 &
1572 2660 1729 2701 specificata
1742 2684 1752 2698 ,
1776 2667 1858 2690 erunt
1882 2660 1958 2689 bone
1972 2659 2003 2688 &
2020 2654 2182 2687 effeC’tuales
2197 2656 2226 2685 in
2243 2655 2323 2695 Lege
2336 2656 2431 2687 versus

1365 2702 1434 2732 Nos
1450 2725 1459 2740 ,
1485 2701 1610 2732 Heredes
1630 2700 1665 2731 δε
1687 2699 1868 2731 Succeffoies
1896 2695 2010 2725 nostros
2026 2717 2036 2732 ,
2059 2694 2094 2724 ad
2113 2703 2216 2724 omnes
2236 2695 2407 2726 intentiones
2420 2718 2431 2733 ,

1365 2739 1595 2771 construetiones
1610 2740 1644 2770 &
1659 2737 1801 2776 proposita
1823 2735 1931 2774 prefato
1951 2736 1982 2764 T.
2002 2736 2046 2763 M.
2065 2733 2098 2764 &
2117 2736 2149 2762 Τ.
2168 2735 2200 2762 Τ.
2220 2732 2431 2764 Executoribus

1365 2779 1399 2810 δί
1415 2778 1566 2818 Affignatis
1580 2777 1648 2815 suis,
1669 2775 1822 2806 secundum
1838 2783 1939 2804 verum
1954 2781 2083 2803 tenorem
2094 2793 2104 2808 ,
2119 2771 2312 2801 intentionem
2322 2795 2332 2809 ‚
2357 2782 2432 2803 con-

1365 2817 1552 2848 struffionem
1567 2817 1601 2848 &
1616 2815 1793 2854 propositum
1807 2812 1971 2843 earumdem
1987 2812 2015 2840 in
2031 2819 2200 2849 quacunque
2215 2808 2304 2840 Curia
2319 2810 2430 2850 nostra,

1366 2856 1400 2887 &
1414 2865 1515 2887 coram
1530 2855 1746 2894 quibuscunque
1757 2852 1906 2891 Judicibus
1924 2848 2041 2886 nostris,
2060 2847 2148 2879 valida
2162 2848 2195 2878 δε
2218 2847 2358 2879 sufficiens
2373 2851 2434 2880 exi-

1367 2895 1437 2933 stet,
1457 2895 1514 2925 fine
1527 2895 1622 2933 aliquo
1638 2893 1765 2923 ulteriori
1779 2891 1883 2929 placito
1897 2889 1933 2920 de
1948 2887 2129 2930 Recordoli'n
2150 2887 2198 2930 tali
2213 2885 2318 2925 Curia,
2338 2887 2372 2918 ad
2387 2898 2433 2919 re-

1366 2933 1565 2972 spondendum
1582 2933 1616 2964 &
1631 2932 1843 2963 exonerandum
1860 2927 1995 2967 quicquid
2019 2928 2047 2956 in
2063 2926 2106 2955 his
2120 2925 2223 2955 Literis
2237 2925 2338 2956 nostris
2356 2936 2431 2957 con-

1367 2973 1431 3004 cedi
1448 2995 1458 3010 ,
1481 2972 1628 3003 exonerari
1650 2970 1695 3002 vel
1715 2968 1857 3000 observari
1877 2966 2077 2997 declaravimus
2093 2988 2102 3001 ‚
2127 2963 2283 2995 secundum
2297 2974 2430 2996 tenorem

1370 3011 1566 3050 presencium,
1585 3009 1661 3040 Non
1685 3007 1816 3038 obstante
1831 3006 1903 3036 male
1918 3005 1962 3035 vel
1977 3014 2037 3047 non
2052 3003 2130 3033 reete
2146 3003 2319 3034 inveniendo
2332 3003 2432 3043 Inqui-

1369 3052 1500 3081 titionem
1514 3059 1561 3080 aut
1576 3049 1701 3087 aliquem
1721 3046 1866 3077 defeetum
1888 3045 1918 3074 in
1932 3043 2113 3086 inquisitione
2125 3041 2267 3080 predieta,
2284 3051 2331 3073 aur
2343 3043 2434 3074 ullum

1367 3089 1517 3120 defectum
1539 3096 1617 3119 certe
1637 3085 1852 3116 Informationis
1866 3107 1875 3120 ,
1902 3082 1948 3113 vel
1969 3091 2029 3111 non
2057 3081 2203 3111 recitando
2216 3082 2263 3113 vel
2278 3081 2351 3112 male
2363 3082 2436 3113 reci-

1366 3128 1455 3160 tando
1474 3128 1597 3165 aliquam
1615 3123 1862 3155 Commislionem
1882 3121 1929 3151 vel
1952 3119 2194 3157 Commiffiones‚
2214 3118 2432 3158 Inquifitionem

1368 3167 1414 3197 vel
1431 3166 1625 3204 inquisitiones
1635 3186 1645 3201 ‚
1659 3162 1856 3200 premissorum
1871 3160 1929 3190 sive
1941 3159 2056 3197 alicujus
2076 3158 2141 3188 inde
2155 3159 2237 3196 partis
2252 3159 2297 3189 seu
2311 3159 2433 3197 parcelle

1369 3205 1572 3236 Indithamenti
1592 3202 1638 3234 vel
1659 3201 1936 3233 Indiciamentorum
1953 3222 1962 3238 ‚
1989 3197 2187 3228 convictiones
2207 3197 2253 3228 vel
2268 3198 2432 3229 conviffio-

1369 3254 1456 3280 num,
1471 3243 1576 3280 Judicii
1593 3240 1638 3272 vel
1654 3241 1672 3261 *
1684 3239 1887 3279 judiciorum,
1906 3246 1953 3268 aut
1967 3246 2026 3266 non
2043 3244 2119 3266 certe
2130 3236 2275 3266 recitando
2290 3237 2336 3267 vel
2350 3246 2432 3268 men-
2446 3242 2465 3262 *t
2490 3241 2532 3271 XI

1368 3282 1509 3314 tionando
1533 3289 1635 3311 verum
1656 3287 1782 3310 annuum
1804 3277 1932 3309 valorem
1957 3273 2158 3313 premissorum
2174 3275 2219 3304 vel
2234 3275 2351 3313 alicujus
2364 3275 2429 3306 ir'ide
2445 3289 2510 3316 297,

1371 3323 1473 3360 partis,
1490 3329 1538 3351 aur
1553 3329 1614 3350 non
1627 3317 1824 3358 particulariter
1844 3313 2030 3352 exprimendo
2046 3312 2091 3344 vel
2103 3311 2293 3351 specificando
2307 3313 2429 3352 predicita

1371 3359 1501 3399 premiffa
1515 3357 1559 3389 vel
1572 3358 1693 3395 aliquam
1709 3355 1774 3386 inde
1790 3363 1915 3394 partem,
1933 3352 1981 3382 vel
1994 3360 2138 3389 naturam,
2153 3351 2428 3390 qualitatem‚quan-

1369 3401 1480 3430 ritatem
1496 3398 1529 3429 ὃς
1543 3395 1744 3426 certitudinem
1761 3393 1845 3432 inde,
1862 3400 1911 3422 aut
1925 3391 2041 3429 alicujus
2052 3389 2118 3420 inde
2132 3391 2231 3430 partis,
2249 3399 2298 3421 aut
2310 3399 2370 3421 non
2381 3398 2425 3419 re-

1366 3437 1482 3469 citando
1495 3443 1542 3466 aut
1557 3434 1630 3464 male
1645 3432 1792 3464 recitando
1807 3433 1926 3470 aliquam
1936 3429 2063 3460 scisuram
2071 3428 2214 3459 dierorum
2224 3428 2424 3467 premissorum

1371 3477 1416 3508 vel
1431 3475 1544 3513 alicujus
1561 3472 1625 3502 inde
1657 3473 1720 3502 artis
1733 3480 1781 3501 aut
1798 3467 1983 3509 parcelle‚vel
1998 3478 2059 3498 non
2072 3467 2218 3498 recitando
2233 3467 2279 3498 vel
2295 3465 2365 3497 male
2382 3475 2428 3496 re-

1369 3514 1485 3546 citando
1498 3512 1618 3550 aliquam
1668 3510 1842 3540 imissionem
1859 3508 1905 3539 vel
1912 3505 2157 3543 ConoeOEonem,
2175 3503 2362 3536 Dimissiones
2377 3504 2423 3534 vel

1371 3550 1581 3585 Conceffiones
1595 3549 1792 3589 premissorum
1810 3548 1856 3577 seu
1875 3546 1991 3584 alicujus
2004 3544 2070 3575 inde
2085 3544 2219 3583 parcelle,
2234 3543 2269 3572 de
2283 3541 2424 3586 Recordo

1369 3593 1416 3623 vel
1431 3600 1490 3622 non
1506 3590 1541 3620 de
1551 3588 1691 3619 Recordo
1705 3587 1826 3618 antehac
1840 3585 1941 3616 faetas:
1951 3584 1990 3615 Et
1997 3593 2057 3614 non
2066 3582 2196 3614 obstante
2208 3589 2266 3611 non
2277 3579 2427 3618 separatio.

1368 3641 1404 3662 ne
1414 3630 1457 3661 vel
1466 3628 1601 3660 divisione
1617 3627 1663 3658 vel
1678 3626 1750 3657 mala
1758 3624 1897 3656 divisione
1913 3622 2071 3653 nostrarum
2085 3621 2222 3651 dictarum
2228 3617 2349 3661 duarum
2357 3628 2428 3662 'par-

1367 3673 1439 3702 tium
1449 3670 1478 3698 in
1489 3666 1688 3704 seperalitatem
1697 3674 1730 3702 ,a
1742 3664 1830 3695 tercia
1845 3670 1920 3701 parte
1934 3662 2068 3699 prefatiT.
2078 3659 2152 3689 T.de
2165 3664 2212 3700 aut
2225 3665 2256 3685 in
2270 3657 2421 3694 premiffis:

1369 3709 1408 3740 Et
1432 3717 1493 3738 non
1507 3704 1637 3736 obstante
1657 3703 1796 3741 aliquibus
1813 3699 2090 3738 imperfectionibus,
2107 3693 2263 3738 defefflbus
2279 3695 2323 3738 vel
2339 3698 2430 3728 omis-

1370 3747 1492 3778 sionibus
1515 3742 1728 3782 quibuscunque
1744 3752 1751 3771 ·.
1779 3740 1815 3772 Et
1830 3749 1891 3771 non
1905 3738 2037 3769 obstante
2049 3736 2143 3772 aliquo
2160 3731 2206 3780 vel
2220 3732 2359 3777 aliquibus
2379 3734 2428 3766 In-

1370 3785 1548 3816 dirstamento
1568 3782 1615 3812 vel
1637 3780 1851 3811 [ndiCtamentis
1866 3801 1876 3816 ,
1904 3776 2091 3815 convicstione
2105 3770 2150 3800 vel
2172 3772 2426 3812 convictionibus,

1370 3824 1440 3854 disti
1460 3824 1531 3852 T.T.
1548 3820 1656 3851 ratione
1671 3818 1849 3850 Recusancie
1863 3817 1909 3847 sue
1923 3815 1966 3846 vel
1983 3811 2110 3854 absencie
2120 3808 2166 3838 sue
2182 3809 2217 3852 :ib
2235 3808 2360 3853 Ecclesia
2378 3814 2427 3844 vel

1368 3862 1500 3893 Ecclesiis
1516 3882 1526 3897 ,
1551 3858 1675 3896 Capellis
1699 3858 1744 3888 seu
1764 3857 1823 3887 aliis
1842 3855 1914 3886 locis
1941 3858 2071 3892 comunis
2092 3856 2261 3885 precationis
2281 3859 2345 3881 anre
2368 3851 2424 3882 hae

1371 3901 1472 3932 habitis
1492 3899 1538 3928 seu
1560 3905 1687 3935 unquam
1708 3894 1895 3933 imposterum
1917 3886 2053 3932 habendis
2065 3908 2089 3929 ‚⁵
2102 3886 2136 3917 &
2151 3896 2211 3932 riori
2225 3887 2357 3920 obstante
2372 3889 2426 3921 ulla

1369 3941 1378 3971 1
1415 3949 1429 3969 e
1444 3937 1490 3970 vel
1503 3937 1627 3974 legibus,
1646 3935 1750 3966 statuto
1766 3933 1812 3964 vel
1826 3929 1945 3964 statutis,
1963 3936 1993 3956 in
2014 3925 2112 3968 Annis
2123 3924 2245 3968 vicefiqtio
2260 3930 2360 3966 tercio,
2377 3931 2425 3958 vi-

1369 3990 1396 4009 ce
1406 3979 1458 4007 imo
1476 3977 1577 4006 οέῖανο
1597 3981 1647 4004 aut
1671 3971 1799 4012 tricefimo
1819 3971 1914 4009 quinte
1930 3973 2017 4007 nuper
2038 3961 2150 4006 Regine
2172 3964 2341 4007 E-rizabethe
2354 3987 2363 4003 ,
2388 3966 2424 3997 δε
2466 3991 2468 3994 ,

1371 4018 1451 4048 dicto
1474 4018 1560 4045 Anno
1579 4013 1669 4044 tercio
1691 4011 1761 4041 dieti
1784 4002 1985 4046 precharrffimi
2010 4000 2096 4032 Patris
2114 4001 2201 4031 nostri
2223 4002 2324 4040 Jacobi
2337 4013 2426 4042 nuper

2403 4080 2437 4117 ὃς
