2536 4255
8 163 143 200 Ann.D.

32 205 120 244 1634.

10 248 63 272 An.
83 251 125 271 10.

10 286 73 310 Car.
100 290 124 308 1.

12 325 62 349 No.
83 319 128 347 28.

15 637 65 664 No.
86 639 133 669 29.

19 939 70 966 No.
89 943 135 972 30.

21 978 38 992 ⁸·
54 974 139 1002 XIX.

56 1013 124 1049 916.

19 1284 69 1320 No]
90 1290 136 1320 31.

23 1678 73 1704 No.
94 1682 137 1712 32.

22 2030 74 2057 ΝΟ·
95 2035 140 2066 33·

22 2347 73 2373 No.
92 2354 136 2383 34.

25 2677 75 2700 No.
99 2681 144 2708 35.

29 3048 77 3074 No.
100 3045 144 3081 36.

35 3350 84 3374 No.
105 3353 149 3381 37·

37 3706 87 3734 No.
107 3704 153 3742 38.

32 4009 81 4035 Νι».
102 4014 149 4044 39.

161 81 240 122 118

163 177 202 197 no
215 166 274 204 jure
288 163 476 207 spediantem·
500 158 539 191 Et
554 159 710 205 diriguntur
724 159 765 204 ‘he
780 158 877 190 Litere
899 156 1072 202 Reverendo
1089 157 1120 188 in
1146 155 1237 187 Chri-

166 205 210 236 sto
231 204 308 234 Patri
325 203 457 233 Domino
470 186 571 228 srancr
587 209 634 236 co,
651 197 850 244 Peqrtburgenfi
868 197 1023 241 Episcopo.
1118 237 1134 242 υ

201 242 291 274 Teste
307 241 387 279 Rege
402 239 474 278 apud
490 236 768 278 Wstmonallerzum,
785 236 958 267 duodecimo
980 236 1027 266 die
1047 233 1143 274 Jumz.

202 318 347 357 Johannes
359 315 466 356 Owfley
481 339 491 353 ,
511 313 658 352 Clericus,
676 314 706 343 in
726 313 844 343 Artibus
866 312 1024 350 Magister,
1050 312 1139 342 habet
1163 320 1237 341 con-

165 358 269 390 similes
290 356 396 386 Literas
419 355 548 384 Parentes
565 352 601 382 de
619 353 822 390 presentatione
845 351 880 382 ad
898 351 1042 382 Vicariam
1068 350 1105 381 de
1129 348 1238 388 Ulsceby

166 398 232 428 alias
251 393 386 433 Howsbby
407 392 539 423 Diocesis
557 390 719 428 Lincol⁷zie,
738 401 785 428 per
805 399 929 420 mortem
945 390 1041 420 ultimi
1058 389 1239 420 Incumben-

166 436 203 467 tis
224 434 328 463 ibidem
347 433 407 469 jam
430 439 597 467 vacantem,
632 431 666 461 &
693 429 727 460 ad
748 429 873 459 nostram
895 429 1131 466 presentationem
1151 426 1238 462 pleno

170 475 228 503 'ure
242 471 438 509 speciantem3
474 468 510 499 Et
530 468 686 506 diriguntur
703 468 740 498 he
760 467 857 498 Litere
875 467 1053 499 Reverendo
1072 467 1102 496 in
1119 462 1239 494 Christo

163 484 243 543 'satri
264 509 400 539 Domino
413 507 557 546 Johanni,
574 506 714 536 Lincolnie
734 506 887 546 Episcopo.

206 548 294 579 Teste
313 548 397 585 Rege
416 547 490 584 apud
510 545 771 585 Weslmonasterium
788 569 799 585 ,
836 546 955 576 decimo
973 546 1051 575 seXto
1077 542 1124 572 die
1142 539 1238 579 Junii.

204 624 326 663 Jacobus
344 624 442 662 Rudd,
461 622 606 660 Clericus,
625 623 655 653 in
671 622 788 654 Artibus
801 621 958 661 Magister,
976 620 1060 650 habet
1079 616 1240 648 consimiles

172 664 277 695 Literas
300 664 432 694 Parentes
453 662 488 692 de
513 661 718 699 presentatione
745 661 780 692 ad
804 661 972 691 Rectoriam
996 658 1032 688 de
1057 656 1241 696 Elmesthorpe

169 702 300 733 Diocesis
316 701 475 738 Lincolnie,
489 702 548 738 jam
564 700 702 740 legittime
719 701 751 731 ὃ(
770 700 806 731 de
818 701 881 737 jure
897 705 1067 734 vacantem,
1087 697 1120 727 &
1134 695 1170 725 ad
1184 704 1239 724 no-

170 741 256 771 stram
283 741 519 778 presentationem
539 748 588 776 per
612 740 783 777 pravitatem
809 737 940 767 Simonie
961 736 1018 765 sive
1036 744 1084 772 per
1115 732 1240 770 Lapsutn

168 782 306 817 temporis
324 780 378 809 hac
397 780 462 809 vice
477 778 671 816 spediantem3
692 777 728 808 Et
744 778 901 815 diriguntur
918 775 953 804 he
981 773 1071 803 Litere
1088 772 1241 803 Reveren-

169 819 211 850 do
226 820 254 848 in
263 818 380 848 Christo
388 817 465 848 Patri
482 817 618 847 Domino
634 817 778 855 Johanni,
799 813 940 843 Lincolme
956 811 1108 849 Episcopo.

204 856 296 889 Teste
316 856 402 895 Rege
421 855 496 894 apud
516 854 787 896 Wstmonasterium,
809 852 888 882 seitto
907 851 1025 882 decimo
1040 850 1088 880 die
1103 849 1199 889 Junii.

212 934 361 974 Johannes
374 936 460 972 Hite,
487 931 636 969 Clericus,
663 933 691 961 in
715 929 831 960 Artibus
846 927 1001 966 Maoister‚
1036 927 1122 957 habet
1145 925 1240 957 consi·

175 975 256 1005 miles
272 973 379 1004 Literas
391 972 524 1004 Patentes
537 972 573 1002 de
588 974 605 990 '¹¹¹
625 969 829 1007 presentatione
851 967 884 998 ad
900 952 1084 1011 ‘keoornm
1101 965 1138 995 de
1158 963 1240 1003 cos}-

174 1013 295 1050 bradon,
311 1011 446 1043 Diocefis
466 1008 658 1049 Bathom'enfis
673 1007 711 1043 ὠ·
727 1006 863 1046 VVellenfis
879 1029 888 1042 ,
919 1015 980 1044 jam
996 1006 1135 1041 legittime
1150 1004 1182 1034 &
1204 1003 1241 1033 de

170 1053 233 1090 jure
254 1059 422 1088 vacantem,
447 1050 481 1080 &
496 1049 529 1079 ad
552 1047 675 1077 nostram
692 1046 931 1083 presentationem
948 1054 996 1082 per
1027 1043 1148 1081 Lapsum
1169 1051 1242 1072 tem-

171 1091 249 1129 poris
278 1090 332 1120 hac
356 1090 421 1120 vice
447 1088 646 1125 speciantemg
680 1085 717 1114 Et
743 1085 899 1122 diriguntur
918 1084 954 1113 he
983 1082 1075 1112 Litere
1092 1082 1243 1112 Reveren-

172 1130 212 1159 do
227 1131 256 1159 in
275 1127 397 1159 Christo
414 1127 488 1158 Patri
506 1125 640 1155 Domino
661 1126 704 1154 W
705 1123 830 1162 illielmo,
856 1120 1038 1162 Bathonienfi
1055 1120 1094 1156 ό·
1115 1118 1242 1158 W‘llenfi

171 1167 329 1207 Episcopo.
855 1200 860 1205 ι
1073 1198 1078 1203 .
1183 1198 1198 1203 ..

210 1206 301 1238 Teste
316 1206 397 1244 Rege
410 1202 483 1241 apud
499 1200 778 1241 Westmonasterium,
797 1200 915 1232 decimo
925 1198 1032 1230 oetavo
1050 1197 1097 1228 die
1111 1195 1207 1235 Junn.

208 1282 342 1313 Ricardus
356 1278 543 1318 qufhmgton,
560 1277 704 1316 Clericus,
718 1277 796 1307 S.T.
807 1276 836 1307 B.
848 1278 934 1307 habet
951 1275 1113 1307 consimiles
1129 1274 1237 1304 Literas

174 1331 302 1363 patentes
310 1319 555 1360 <representatione
563 1319 598 1348 ad
608 1317 778 1347 Rectoriam
787 1316 822 1346 de
830 1315 979 1354 Swarford
988 1313 1120 1344 Diocests
1127 1315 1244 1349 Oxonie,

175 1372 224 1402 per
234 1368 358 1390 moriem
371 1357 465 1389 ultimi
474 1356 786 1387 incumbentisibidem
792 1355 852 1393 jani
863 1363 1021 1391 vacantem,
1030 1354 1063 1384 &
1073 1352 1107 1383 ad
1115 1351 1244 1382 nostram

196 1399 407 1431 resentationem
422 1396 530 1425 ratione
548 1396 667 1425 minoris
682 1396 764 1424 etatis
962 1391 1091 1422 Comitis
1106 1393 1244 1426 Downes,

171 1411 288 1471 {attoni
302 1435 380 1466 dicste
398 1433 526 1465 Ecclesie
540 1434 576 1465 de
591 1433 742 1472 Swarford
757 1432 882 1470 predffiia
900 1431 954 1463 hac
971 1432 1035 1461 vice
1050 1430 1242 1466 speetantem3

170 1479 208 1510 Et
225 1477 380 1514 diriguntur
395 1474 432 1503 he
451 1473 546 1503 Litere
562 1472 739 1503 Reverendo
753 1473 782 1501 in
800 1470 920 1502 Christo
936 1470 1010 1500 Patri
1028 1468 1166 1499 Domino
1188 1466 1245 1505 Jo-

177 1515 279 1551 hrmm',
299 1515 406 1542 Oxome
423 1510 576 1551 Episcopo.

210 1554 299 1585 Teste
320 1551 404 1590 Rege
426 1549 500 1588 apud
523 1549 778 1591 [westmonasterium
796 1571 805 1587 ,
837 1547 976 1579 vicesimo
1000 1546 1098 1584 primo
1122 1544 1169 1575 die
1187 1542 1248 1583 Ju-

175 1606 224 1625 nn.

212 1672 254 1702 W
254 1668 377 1700 illelmus
396 1665 526 1698 Bartlett
540 1690 550 1706 ,
571 1665 719 1703 Clericus,
743 1664 830 1696 habet
846 1664 1008 1696 consimiles
1023 1662 1131 1695 Literas
1142 1662 1249 1694 Paten-

176 1721 217 1743 tes
246 1710 281 1740 de
316 1706 524 1747 presentatione
553 1707 587 1736 ad
613 1706 784 1737 Rectoriam
820 1707 947 1734 Omnium
979 1705 1141 1732 Sanc‘lorum
1162 1702 1246 1742 Jiaper

175 1753 274 1780 Muros
294 1748 325 1777 in
346 1745 520 1777 Civitate&
550 1745 668 1775 Diocesi
692 1746 822 1782 Exom‘e,
841 1744 902 1781 jam
925 1743 1066 1782 legittime
1081 1742 1114 1773 ὅ(
1130 1741 1166 1772 de
1184 1743 1246 1780 jure

174 1796 325 1820 vacantem
341 1808 352 1823 ‚
384 1785 418 1816 ὃ(
435 1785 469 1815 ad
485 1782 611 1814 nostram
634 1783 875 1821 presentationem
900 1790 950 1819 per
970 1780 1092 1818 Lapsum
1110 1780 1248 1816 temporis

174 1829 230 1859 hac
249 1827 315 1857 vice
334 1823 526 1861 spediantem3
546 1822 584 1853 Et
592 1822 754 1859 diriguntur
770 1821 807 1851 he
822 1820 919 1851 Litere
932 1819 1109 1851 Reverendo
1123 1820 1152 1850 in
1161 1817 1249 1849 Chri-

178 1868 223 1898 sto
239 1865 318 1896 Patri
333 1863 471 1895 Domino
485 1860 623 1900 Josbpho,
645 1863 754 1891 Exonie
770 1859 927 1898 Episcopo.

221 1903 315 1936 Teste
349 1900 435 1941 Rege
467 1901 543 1939 apud
556 1922 562 1927 .
574 1899 834 1940 Westmonastmum
858 1922 868 1937 ,
905 1896 1044 1929 vicesimo
1075 1898 1172 1936 primo
1203 1897 1251 1929 die

176 1943 272 1985 Junii.

215 2018 383 2054 Willielmus
403 2021 481 2057 Fox,
498 2014 647 2057 Clericus,
669 2017 705 2049 A.
722 2017 753 2049 B.
777 2018 865 2049 habet
881 2015 1043 2047 confimiles
1067 2014 1174 2048 Literas
1192 2013 1248 2047 Pa-

178 2070 272 2095 tentes
293 2060 328 2091 de
349 2058 554 2098 presentatione
569 2058 603 2089 ad
621 2057 792 2088 Reetoriam
814 2056 850 2087 de
869 2057 911 2086 W
913 2056 1016 2095 ickerby
1027 2055 1157 2086 Diocesis
1170 2058 1247 2086 Lin-

178 2101 277 2138 colmt,
291 2101 350 2138 jam
366 2099 511 2135 legittime
527 2098 561 2127 ὃ(
582 2097 618 2127 de
631 2098 691 2133 jure
706 2105 875 2135 vacantem,
894 2096 927 2127 &
943 2095 978 2125 ad
994 2093 1121 2125 nostram
1137 2094 1249 2132 presen-

178 2142 317 2172 tationem
334 2148 383 2176 per
399 2138 571 2175 pravitatem
585 2135 716 2167 Simonie
741 2135 797 2165 sive
812 2144 861 2173 per
880 2134 1004 2172 Lapsum
1021 2135 1174 2174 temporiS,
1193 2133 1249 2164 hac

178 2181 246 2212 vice
271 2177 461 2217 spectantem3
487 2175 525 2205 Et
541 2175 703 2214 diriguntur
717 2174 754 2204 he
773 2174 869 2204 Litere
887 2172 1062 2204 Reverendo
1077 2174 1107 2204 in
1130 2171 1250 2204 Christo

173 2219 251 2251 Patri
268 2217 402 2247 Domino
416 2214 563 2253 Johanni,
585 2214 725 2243 Lincolnie
741 2212 897 2250 Episcopo.

207 2256 297 2288 Teste
316 2255 399 2293 Rege
426 2253 500 2293 apud
521 2252 797 2292 Wstmonallerium,
817 2252 913 2289 primo
929 2250 975 2282 die
992 2250 1086 2290 Junii.

209 2333 357 2374 Johannes
377 2330 500 2369 Nelsr'm,
523 2329 671 2368 Clericus,
697 2330 727 2360 in
743 2329 862 2361 Artibus
878 2329 1034 2368 Magister,
1051 2329 1137 2360 habet
1155 2328 1249 2360 confi-

180 2375 262 2406 miles
282 2373 391 2404 Literas
417 2370 547 2401 Parentes
564 2370 600 2399 de
622 2370 829 2408 presentatione
851 2369 889 2399 ad
911 2368 1058 2399 Vicariam
1082 2369 1118 2399 de
1143 2368 1251 2398 Thorn-

179 2421 227 2444 ton
255 2412 319 2442 alias
348 2410 489 2441 Thornton
527 2412 618 2438 curtis
645 2408 779 2439 Diocefis
802 2407 945 2438 Lincolnie
966 2430 976 2445 ,
1013 2408 1074 2445 jam
1108 2408 1250 2446 legittime

177 2454 211 2484 ὃς
230 2451 266 2481 de
281 2452 343 2488 jure
365 2457 534 2485 vacantem,
560 2448 593 2477 ὃς
612 2446 647 2477 ad
667 2447 790 2477 nostram
816 2447 1054 2486 presentationem
1080 2446 1166 2483 pleno
1186 2447 1249 2483 jure

176 2491 371 2527 spec’tantem,
390 2488 427 2518 Et
443 2488 601 2525 diriguntur
617 2487 653 2516 lie
673 2486 764 2516 Litere
780 2485 955 2516 Reverendo
979 2486 1009 2515 iu
1027 2484 1148 2515 Christo
1170 2484 1247 2515 Patri

178 2528 315 2559 Domino
328 2527 476 2565 Johanm',
497 2524 637 2554 Lincolnie
652 2523 808 2564 Episcopo.

212 2566 302 2597 Teste
324 2567 408 2603 Rege
431 2563 505 2603 apud
532 2563 792 2604 Wstmonasterium
805 2586 815 2601 ,
848 2562 986 2595 vicesimo
1006 2562 1106 2601 quinto
1124 2561 1171 2592 die
1188 2561 1249 2600 Ju-

173 2616 223 2636 nn.

219 2681 335 2712 Thomas
356 2678 522 2718 Brookesby,
541 2678 689 2718 Clericus,
707 2680 737 2709 in
754 2679 870 2710 Artibus
889 2677 1048 2717 Magister,
1066 2678 1153 2709 habet
1170 2688 1242 2708 con-

183 2722 286 2753 similes
303 2721 407 2750 Literas
423 2717 551 2748 Parentes
567 2718 602 2748 de
616 2718 822 2755 presentatione
837 2718 871 2747 ad
880 2716 1048 2748 Redtoriam
1064 2717 1100 2747 de
1116 2716 1249 2755 Brookesl

182 2761 215 2801 by
231 2759 360 2790 Diocesis
373 2755 533 2793 Lincolnie,
547 2756 607 2793 jam
627 2757 764 2794 legittime
784 2757 816 2786 δε
836 2757 871 2785 de
893 2757 955 2793 jure
976 2766 1143 2793 vacantem,
1162 2756 1195 2786 &
1213 2755 1248 2786 ad

180 2798 309 2829 nostram
331 2795 572 2835 presentationem
594 2803 644 2831 per
668 2794 789 2831 Lapsum
811 2795 947 2831 temporis
962 2795 1016 2824 hac
1033 2796 1098 2824 vice
1118 2794 1249 2830 specstan-

177 2847 255 2875 tem,
275 2836 313 2866 Et
325 2836 483 2872 diriguntur
501 2833 535 2862 lie
551 2832 645 2861 Litere
662 2831 834 2863 Reverendo
848 2832 878 2860 in
894 2830 1015 2861 Christo
1036 2833 1114 2862 Patri
1136 2831 1247 2861 Domi-

181 2887 220 2907 no
239 2874 387 2913 Johamli,
409 2870 528 2901 Licolnie
550 2870 705 2907 Episcopo.

225 2912 314 2944 Teste
344 2912 427 2950 Rege
454 2909 528 2947 apud
563 2907 826 2949 liestmonasterium
852 2931 863 2946 ,
900 2906 1038 2938 vicesimo
1067 2905 1172 2938 oetavo
1201 2906 1248 2937 die

180 2953 274 2994 Junii.
762 2969 766 2971 ,

220 3030 353 3061 Robertus
369 3025 514 3063 Bartlett,
541 3024 688 3062 Clericus,
714 3024 744 3054 in
763 3023 880 3054 Artibus
893 3022 1052 3061 Magister,
1073 3022 1158 3053 habet
1175 3033 1247 3053 con·

185 3070 284 3101 similes
301 3069 408 3098 Literas
428 3066 556 3095 Patentes
574 3064 610 3093 de
629 3063 835 3102 presentatione
849 3064 884 3093 ad
901 3063 1046 3093 Vicariam
1062 3062 1098 3092 de
1113 3063 1245 3092 Swindon

183 3107 316 3141 Dioccsis
330 3110 428 3136 Sarum
444 3127 454 3142 ,
478 3104 537 3140 jain
560 3102 694 3140 legittime
714 3102 747 3132 ὃς
773 3102 808 3132 de
824 3102 886 3138 jure
902 3110 1068 3138 vacantsm,
1096 3101 1128 3131 ὃς
1147 3102 1181 3130 ad
1197 3110 1250 3131 nc-

184 3148 270 3179 stram
286 3145 520 3183 presentationem
533 3142 618 3177 pleno
631 3142 693 3178 jure
708 3141 900 3177 spectantem,
921 3140 958 3169 Et
972 3141 1131 3177 diriguntur
1146 3140 1183 3169 he
1200 3139 1249 3168 Li-

184 3196 244 3217 tere
265 3182 438 3215 Reverendo
458 3182 489 3210 in
515 3178 636 3209 Christo
652 3179 727 3210 Patri
744 3178 881 3209 Domino
897 3178 1046 3217 Johanni,
1064 3182 1162 3208 Sarum
1178 3178 1250 3216 Epi-

183 3227 308 3294 sco'lngste
335 3260 417 3299 Rege
438 3257 513 3296 apud
539 3255 814 3295 westmonasterium,
831 3254 908 3285 sexto
925 3254 971 3284 die
988 3254 1074 3293 Julii.

221 3340 338 3371 Thomas
358 3338 469 3373 White,
492 3334 639 3372 Clericus,
669 3334 698 3362 in
720 3333 838 3363 Artibus
861 3330 1021 3369 Magister,
1047 3332 1131 3362 habet
1153 3331 1248 3362 confi-

188 3380 271 3410 miles
289 3379 392 3407 Literas
411 3376 539 3405 Patentes
555 3373 590 3403 de
605 3372 807 3411 presentatione
821 3370 854 3401 ad
874 3371 1015 3401 Vicariam
1030 3370 1065 3400 de
1078 3371 1249 3407 cardmgton

186 3417 321 3450 Diocesis
333 3414 512 3453 Herejordie,
530 3422 577 3449 per
595 3419 719 3441 mortem
735 3410 828 3440 ultimi
848 3408 1045 3439 incumbentis
1067 3408 1175 3438 ibidem
1188 3410 1249 3446 jam

185 3464 356 3492 vacantem,
375 3454 408 3484 ὅτ,
424 3452 458 3481 ad
474 3450 600 3481 nostram
622 3449 855 3486 presentationem
878 3448 987 3478 ratione
1012 3446 1158 3485 Utlagarie
1175 3450 1251 3477 Her-

187 3502 263 3525 court
282 3492 419 3529 Leighton
436 3490 594 3527 Armigeri,
613 3488 729 3518 Patroni
745 3486 869 3516 Ecclesie
883 3487 918 3515 de
933 3486 1100 3523 Cardmgton
1122 3488 1249 3524 predicta

187 3535 241 3564 hac
264 3534 328 3563 vice
349 3530 550 3567 spe-&autenm
590 3526 627 3557 Et
653 3526 809 3564 diriguntur
836 3526 871 3555 he
893 3524 986 3554 Litere
1015 3524 1192 3554 Reverendo
1219 3527 1249 3554 in

187 3571 308 3602 Christo
331 3570 406 3599 Patri
429 3566 566 3598 Domino
578 3565 751 3602 Augustino,
769 3562 930 3602 Herefitrdz'e
945 3562 1101 3602 Episcopo.

222 3610 311 3642 Teste
328 3608 410 3646 Rege
424 3604 498 3643 apud
513 3604 657 3643 Canbury,
674 3603 790 3634 decimo
803 3602 849 3633 die
863 3601 951 3640 Julii.

225 3686 340 3717 Thomas
356 3682 479 3722 Eallon,
503 3680 649 3719 Clericus,
677 3682 705 3710 in
727 3680 842 3710 Artibus
863 3674 1024 3717 Magister,
1041 3677 1131 3707 habet
1155 3676 1249 3707 consi-

191 3726 272 3756 miles
288 3725 392 3755 Literas
405 3723 536 3753 Patentes
547 3720 583 3750 de
602 3718 808 3757 presentatione
829 3717 865 3749 ad
888 3716 1033 3748 Vicariam
1054 3716 1091 3746 de
1109 3715 1248 3752 Treneglos

191 3765 224 3794 ὃς
242 3761 460 3800 Warhurstowe‚
479 3759 609 3789 Diocesis
630 3760 758 3795 Exom'e,
785 3766 835 3796 per
862 3755 1104 3797 mortem-ultimi
1131 3753 1249 3784 Incum-

188 3802 281 3831 bentis
299 3800 407 3830 ibidem
421 3800 481 3837 jam
495 3805 661 3834 vacantem,
681 3797 714 3828 ἃ
731 3796 765 3825 ad
783 3794 907 3825 nostram
936 3793 1173 3831 presentationem
1191 3792 1251 3828 ple-

187 3850 228 3870 no
239 3840 298 3876 jure
320 3838 511 3875 spectantem,
531 3835 568 3865 Et
587 3835 750 3871 diriguntur
766 3834 801 3864 he
818 3833 914 3863 Litere
930 3830 1103 3863 Reverendo
1119 3832 1148 3860 in
1164 3829 1250 3861 Chri-

189 3877 236 3909 sto
251 3877 326 3907 Patri
344 3876 476 3905 Domino
491 3873 626 3913 Josepha,
649 3876 759 3903 Exonie
772 3872 932 3910 Episcopo.

221 3914 312 3947 Teste
334 3913 413 3951 Rege
432 3915 505 3953 apud
523 3912 667 3952 Canbury‚
685 3912 807 3950 septimo
822 3911 868 3940 die
891 3908 977 3948 Julii.

224 3991 313 4025 Guido
332 3989 459 4027 Wdcox,
480 3988 627 4026 Clericus,
650 3989 688 4021 A.
716 3987 748 4019 B.
775 3988 861 4019 habet
881 3985 1044 4017 consimiles
1069 3984 1178 4016 Literas
1201 3983 1258 4015 Pa-

621 65 1442 120 CONVENTIONEQ

1502 68 1888 123 LITERAE;

1285 163 1374 200 tentes
1394 155 1430 187 de
1453 155 1659 195 presentatione
1689 155 1724 188 ad
1747 153 1895 187 Vicariam
1916 155 1954 189 de
1975 155 2104 189 Barbam
2125 159 2190 192 alias
2212 160 2361 193 Barholme
2385 156 2464 190 Ann.
2472 159 2514 194 D.

1287 193 1422 224 Diocesis
1443 195 1604 233 Lincolnie,
1617 205 1666 233 per
1685 203 1810 227 mortem
1832 195 1929 227 ultimi
1950 195 2151 228 Incumbentis
2171 200 2279 232 ibidem
2299 201 2360 239 jam
2404 197 2497 238 1634.

1286 233 1506 276 vacantem-Sc
1523 234 1558 265 ad
1579 233 1707 278 nostram
1727 234 1968 272 presentationem
1989 235 2076 272 pleno
2092 237 2156 274 jure
2167 237 2360 277 speetantem3
2384 239 2438 264 An.
2457 247 2506 268 ro..
2532 247 2536 269 s:

1286 271 1325 301 Et
1343 271 1505 316 diriguntur
1518 273 1555 303 he
1573 273 1668 304 Litere
1691 272 1868 305 Reverendo
1886 274 1916 304 in
1933 272 2051 305 Christo
2065 273 2141 307 Patri
2155 275 2290 307 Domino
2303 277 2360 316 Jo-
2382 278 2448 304 Car.
2467 284 2507 305 ¹⁵¹
2533 275 2534 284 ¹

1286 309 1391 346 hama,
1410 309 1550 340 Lincolm'e
1566 311 1723 352 Episcopo.
2498 329 2507 339 ι

1324 347 1414 378 Teste
1432 347 1516 387 Rege
1535 351 1610 388 apud
1630 350 1777 390 canbury,
1793 351 1892 390 primo
1910 350 1957 383 die
1981 351 2109 392 Augusti.

1325 423 1345 443 ²*
1368 423 1531 469 Wllielmtgs
1550 425 1682 464 Kimber,
1706 426 1838 459 Clericus
1852 451 1863 466 ,
1887 429 1918 459 in
1935 427 2054 460 Artibus
2076 427 2220 466 Magister
2233 452 2243 468 ‚
2272 429 2360 462 habet
2379 435 2397 453 ⁸
2416 437 2500 468 xlx.

1290 461 1452 493 consimiles
1475 463 1586 508 Literas
1607 464 1739 495 Patentes
1767 465 1804 497 de
1827 466 2036 503 presentatione
2062 467 2098 498 ad
2125 467 2297 499 Reooriam
2324 469 2362 499 de
2420 477 2485 511 617.

1290 499 1448 545 Claawtorq,
1482 502 1616 533 Diocefis
1636 506 1776 533 Wintom'e
1789 527 1799 543 ‚
1825 514 1874 541 per
1899 515 2027 538 mortem
2049 506 2144 538 ultimi
2165 506 2365 538 Incumbentis
2385 516 2434 542 No.
2452 523 2503 550 40.

1293 538 1403 583 ibidem
1417 550 1477 578 Jam
1497 550 1669 579 vacantem,
1687 543 1720 573 &
1738 542 1773 572 ad
1788 542 1914 573 nostram
1926 546 2166 581 presentationem
2184 547 2294 577 ratione
2303 545 2365 576 Lu-

1289 586 1372 609 nacie
1532 579 1642 624 Knjght
1659 581 1822 619 Armigeri‚
1841 581 1959 613 Patroni
1973 582 2052 613 dimite
2072 584 2200 615 Ecclesie
2224 586 2277 616 hac
2300 585 2364 615 vice

1289 615 1482 661 spe&antem;
1502 617 1540 650 Et
1555 619 1715 657 diriguntur
1729 619 1765 648 he
1786 618 1879 649 Litere
1901 619 2077 652 Reverendo
2091 623 2120 653 in
2144 622 2265 654 Christo
2286 623 2367 654 Patri

1290 655 1429 685 Domino
1444 656 1578 687 Gualtero
1592 680 1603 696 ,
1614 661 1750 687 wintonie
1774 657 1932 696 Episcopo.

1325 693 1417 725 Teste
1432 694 1514 734 Rege
1526 697 1600 735 apud
1616 695 1743 736 Cdnbusgy
1751 718 1762 735 ‚
1785 697 1904 728 decimo
1918 697 2026 729 ootavo
2045 697 2092 729 die
2105 699 2233 740 Augusti.

1292 813 1294 815 Ι
1328 770 1444 800 Thomas
1459 770 1727 816 Rxfii'onQClericus
1771 773 1808 804 Λ.
1822 772 1871 818 Μ.
1888 775 1976 807 habet
1998 775 2162 807 consimiles
2178 775 2287 808 Literas
2307 775 2364 811 Pa-

1291 816 1382 840 tentes
1396 810 1432 839 de
1447 810 1652 855 presentatione
1668 812 1703 842 ad
1720 796 1889 843 Redioriam
1909 814 1965 845 five
1983 813 2130 845 Vicariam
2145 814 2202 845 five
2220 814 2368 854 Capellam

1290 847 1388 892 sandic-
1409 849 1442 879 &
1457 849 1604 893 individue
1621 853 1770 880 Trinitatis
1784 851 1821 881 les
1838 854 1961 883 Minores
1974 853 2109 891 London,
2134 852 2269 885 Diocesis
2288 857 2367 886 Lon-

1292 887 1363 930 ason,
1378 897 1437 925 jam
1454 888 1598 931 legittime
1612 889 1644 920 &
1660 889 1696 920 de
1709 890 1773 928 jure
1788 899 1959 931 vacantem,
1978 893 2012 923 ὃς
2026 892 2064 922 ad
2085 890 2212 922 nostram
2227 892 2367 930 presenta-

1292 926 2017 998 iffncefissr{33²1ssissfffissffiffieffliussim‘ffffffln{zm
2028 930 2065 1000 ¹²5
2082 930 2180 999 {gere
2193 929 2367 964 R⁶V“⁶⁰d⁰

1951 980 1970 997 n
1990 980 2024 999 on
2125 979 2145 999 Ο
2165 979 2193 999 0·

1328 1002 1419 1034 Teste
1433 1004 1515 1042 Rege
1532 1004 1606 1042 apud
1622 1004 1748 1044 Canbury
1758 1027 1767 1044 ,
1782 990 1922 1038 vicesitr’io
1942 979 2136 1047 septimopdie
2146 979 2285 1048 pAug'usti.

2388 774 2440 805 No.
2455 780 2507 812 «μὲ

1331 1080 1471 1111 Walter-us
1498 1081 1804 1125 Watkins,·Cleticus,
1819 1082 1849 1114 S.
1865 1082 1908 1115 T.
1924 1083 1955 1115 B.
1975 1084 2060 1115 habet
2074 1083 2236 1116 consimiles
2255 1081 2364 1118 Literas
2386 1081 2438 1106 No.
2456 1087 2503 1114 4²·

1291 1118 1424 1166 Parentes
1443 1120 1479 1150 de
1496 1120 1708 1164 ¹presentatione
1732 1121 1766 1152 ad
1793 1121 1938 1154 Vicariam
1960 1124 2057 1153 Sanffi
2082 1123 2211 1154 M'artim'
2234 1124 2265 1154 in
2290 1124 2366 1156 Villa

1294 1157 1439 1203 Lersestrie
1460 1158 1592 1189 Diocesis
1614 1159 1772 1198 Lincolnie,
1795 1170 1846 1199 per
1864 1169 1992 1192 mortem
2009 1161 2105 1192 ultimi
2125 1161 2322 1194 Incumbentis
2341 1165 2366 1194 i—

1294 1198 1394 1228 bidem
1413 1207 1470 1235 Jam
1483 1206 1650 1241 vacantem,
1681 1198 1715 1228 &
1733 1202 1767 1229 ad
1790 1199 1917 1230 nostram
1935 1200 2174 1237 presentationem
2196 1199 2282 1238 pleno
2304 1202 2368 1239 jure

1293 1236 1484 1280 spectantem,
1504 1235 1542 1267 Et
1564 1236 1725 1274 diriguntur
1744 1238 1782 1267 he
1802 1238 1899 1269 Litere
1914 1238 2092 1270 Reverendo
2113 1240 2141 1269 in
2159 1238 2276 1270 Christo
2291 1239 2368 1271 l'atti

1294 1274 1433 1304 Domino
1450 1274 1597 1313 Johanni,
1616 1275 1757 1306 Lincolm'e
1771 1275 1928 1317 Episcopo.

1330 1311 1421 1343 Teste
1435 1311 1519 1350 Rege
1534 1313 1607 1351 apud
1625 1314 1767 1355 Canbury,
1786 1316 1882 1352 primo
1897 1316 1945 1347 die
1959 1315 2047 1356 Julii.

1333 1386 1501 1435 Willielmus·
1514 1389 1705 1428 Sandbrooke,
1721 1389 1865 1430 Clericus,
1876 1387 1906 1422 iri
1922 1393 2048 1433 Legibus
2057 1388 2364 1431 Baccalaureu32habet
2387 1375 2436 1400 No.
2455 1381 2501 1409 43¹

1294 1430 1455 1460 consimiles
1469 1429 1574 1460 Literas
1592 1427 1723 1459 Patentes
1734 1430 1770 1459 de
1784 1430 1991 1469 presentatione
2013 1434 2048 1462 ad
2074 1431 2246 1463 Reetoriam
2269 1434 2366 1463 Sanan·

1294 1470 1374 1512 Ιῗειζὶ
1385 1471 1415 1497 in
1432 1467 1540 1497 Baliolo
1554 1471 1679 1506 Oxonie,
1697 1467 1829 1498 Diocesis
1849 1471 1974 1508 oxonie,
1992 1479 2038 1507 pet
2058 1470 2300 1507 Resignationetn
2321 1471 2365 1502 ul-

1295 1516 1360 1538 timi
1376 1506 1576 1537 Incumbentis
1593 1506 1701 1537 ibidem
1719 1508 1780 1544 jam
1800 1516 1969 1545 vacantem,
1992 1510 2026 1539 &
2048 1509 2084 1539 ad
2099 1508 2227 1540 nostram
2250 1509 2363 1549 presen*

1293 1547 1433 1576 tationem
1449 1545 1535 1583 pleno
1548 1546 1613 1583 jure
1635 1544 1829 1584 spedianrem,
1857 1544 1896 1576 Et
1918 1546 2080 1583 diriguntur
2095 1547 2134 1577 he
2153 1547 2244 1578 Litere
2267 1547 2365 1580 Reve—

1293 1584 1385 1615 rendo
1400 1586 1428 1614 in
1443 1584 1562 1614 Christo
1576 1583 1653 1614 Patri
1668 1583 1808 1615 Domino
1827 1583 1958 1623 Johanm·
1967 1606 1977 1623 ,
1992 1587 2099 1614 Oxonie
2114 1584 2270 1625 Episcopo.

1331 1622 1420 1654 Teste
1436 1623 1520 1662 Rege
1535 1623 1611 1663 apud
1624 1623 1770 1661 Canbury,
1792 1623 1938 1654 tricesimo
1951 1623 1998 1654 die
2005 1622 2130 1662 Augusti.

1296 1698 2366 1778 s.aestaset&5¹52sarasizuzresssszs122⁰·

1295 1779 1370 1818 [hott
1380 1789 1451 1810 cum
1459 1778 1578 1816 Capella
1593 1779 1630 1810 de
1648 1778 1779 1809 Stedham
1796 1779 1893 1811 eidem
1909 1788 2048 1811 annexata
2057 1803 2068 1819 ,
2084 1778 2215 1810 Diocesis
2223 1753 2368 1817 Cicestreyn-

1288 1817 1329 1863 [ξς
1338 1819 1400 1857 jam
1414 1818 1555 1856 legittime
1576 1818 1609 1848 ὃ(
1625 1817 1661 1847 de
1673 1820 1736 1856 jure
1764 1826 1939 1857 vacantem,
1963 1819 1998 1849 &
2021 1818 2057 1850 ad
2079 1818 2206 1849 nostram
2231 1817 2371 1855 presenta-

1294 1866 1408 1903 tionem
1426 1857 1482 1888 sive
1502 1866 1552 1895 per
1566 1855 1693 1925 Lakpsum
1709 1858 1846 1895 temporis
1859 1856 1917 1890 five
1930 1867 1980 1896 per
1994 1858 2164 1897 pravitatem
2177 1856 2307 1887 Simonie
2314 1856 2369 1888 hac'

1297 1907 1363 1928 vice
1381 1896 1398 1926 s
1429 1896 1576 1940 &antem3
1629 1904 1640 1926 t
1660 1895 1818 1935 diriguntur
1839 1895 1876 1927 he
1898 1895 1994 1928 Litere
2010 1895 2184 1929 Reverendo
2205 1895 2237 1926 in
2251 1893 2370 1926 Christo

1297 1936 1374 1968 Patri
1444 1944 1526 1965 mino
1539 1935 1673 1972 Ricardo,
1694 1933 1845 1975 cicestrensi
1868 1933 2025 1976 Episcopo.

1333 1973 1425 2007 Teste
1438 1973 1524 2013 Rege
1538 1973 1614 2014 apud
1629 1973 1757 2013 Canbury
1764 1997 1777 2014 ,
1796 1974 1900 2014 quinto
1915 1974 1961 2006 die
1976 1973 2148 2014 Septembris.

1331 2052 1482 2099 Jahan'gtes
1498 2051 1641 2090 Prickett,
1657 2050 1804 2091 Clericus,
1824 2052 1855 2083 in
1869 2051 1990 2085 Artibus
2005 2050 2146 2092 Magister
2152 2049 2256 2091 ,habet
2273 2047 2370 2083 confi⁴
2390 2036 2441 2064 No.
2457 2038 2505 2070 45¹3

1298 2095 1379 2125 'miles
1410 2093 1519 2123 Literas
1540 2091 1674 2122 Patentes
1696 2091 1732 2122 de
1752 2091 1958 2130 presentatione
1985 2092 2021 2123 ad
2043 2092 2215 2123 Reitoriam
2236 2091 2273 2121 de
2292 2093 2371 2120 Bra-

1296 2132 1373 2173 toft‚
1391 2129 1523 2162 Diocesis
1536 2129 1696 2168 Lincolnie‚
1734 2139 1764 2162 er
1781 2139 1907 2162 mortem
1926 2131 2023 2162 ultimi
2038 2130 2238 2162 Incumbentis
2253 2129 2365 2160 ibidem

1292 2173 1355 2211 jam
1369 2178 1539 2207 vacantem,
1561 2170 1596 2201 &
1609 2169 1645 2200 ad
1660 2178 1702 2199 no
1728 2179 1788 2200 ram
1802 2169 2041 2207 presentationem
2080 2170 2146 2200 leno
2158 2170 2221 2208 jure
2238 2168 2369 2206 specstan-

1297 2221 1377 2249 tem,
1394 2210 1433 2240 Et
1450 2209 1612 2248 diriguntur
1631 2208 1667 2238 he
1684 2207 1782 2239 Litere
1794 2209 1973 2241 Reverendo
1995 2210 2027 2240 in
2050 2180 2170 2240 Christo
2195 2207 2274 2239 Patri
2297 2206 2368 2243 Dosa

1298 2252 1383 2281 mino
1398 2247 1549 2287 Johanni,
1566 2246 1710 2277 Lincolnie
1724 2246 1881 2286 Episcopo.

1336 2288 1428 2320 Teste
1442 2287 1526 2326 Rege
1544 2285 1620 2326 apud
1637 2285 1782 2326 Canbury,
1805 2286 1964 2319 undecimo
1982 2286 2028 2319 die
2047 2285 2220 2328 Septembris.

1331 2365 1466 2397 Robertus
1479 2366 1580 2403 Rives,
1596 2363 1746 2403 Clericus,
1765 2364 1795 2395 in
1813 2362 1932 2396 Artibus
1946 2364 2105 2405 Magister,
2123 2363 2211 2396 babet
2225 2361 2366 2394 confimi-
2382 2361 2432 2387 No.
2451 2357 2502 2394 4⁶1

1295 2406 1336 2437 les
1351 2407 1458 2437 Literas
1472 2404 1604 2435 Patentes
1615 2404 1651 2435 de
1668 2403 1875 2442 presentatione
1895 2404 1932 2435 ad
1956 2403 2128 2436 Reooriam
2152 2404 2189 2435 de
2209 2401 2366 2440 Hanburgh

1296 2446 1362 2476 alias
1377 2442 1584 2482 Hanborough,
1603 2442 1736 2473 Diocefis
1750 2444 1877 2482 Exonie,
1891 2443 1953 2481 jam
1968 2444 2111 2481 legittime
2126 2444 2160 2475 &
2174 2442 2211 2473 de
2229 2441 2291 2480 jure
2314 2450 2367 2471 va-

1296 2493 1431 2521 cantem,
1450 2480 1535 2523 &ad
1550 2480 1681 2512 nostram
1695 2480 1931 2520 presentationem
1949 2481 2006 2514 five
2019 2492 2068 2521 per
2080 2483 2249 2523 pravitatem
2266 2479 2366 2511 Simo-

1296 2526 1342 2554 nie
1358 2523 1413 2553 sive
1429 2532 1478 2560 per
1494 2521 1618 2560 Lapsum
1635 2521 1772 2561 temporis
1785 2520 1840 2551 hac
1854 2522 1921 2551 vice
1935 2520 2127 2559 spediantem3
2144 2519 2183 2551 Et
2203 2519 2365 2557 diriguntur

1296 2563 1333 2631 ὶξ
1351 2562 1447 2592 Litere
1464 2558 1641 2591 Reverendo
1656 2561 1687 2590 in
1699 2557 1820 2590 Christo
1837 2559 1916 2590 Patri
1937 2558 2066 2591 Domini
2088 2557 2234 2599 Johanni,
2258 2558 2366 2586 Exonie

1314 2600 1324 2607 “
1351 2600 1409 2630 isco
1429 2610 1459 2630 o.

1330 2610 1428 2672 pTestg
1437 2638 1520 2677 Rege
1539 2636 1615 2676 apud
1633 2636 1780 2676 Canbury,
1803 2637 1907 2676 quinto
1925 2636 1973 2668 die
1996 2636 2166 2676 Septembris.

1333 2715 1520 2748 Alexandrus
1543 2713 1645 2753 Hu1fh‚
1667 2713 1815 2753 Clericus,
1834 2714 1864 2745 S.
1884 2713 1925 2745 T.
1941 2713 1974 2744 B.
1995 2714 2083 2744 habet
2105 2708 2272 2753 c'onfimiles
2287 2709 2366 2740 Lite-
2384 2719 2433 2746 No,
2451 2723 2498 2752 47,

1296 2766 1338 2788 ras
1354 2755 1487 2787 Patentes
1498 2754 1534 2785 de
1549 2754 1753 2794 presentatione
1773 2754 1810 2783 ad
1828 2752 1999 2783 Recitoriam
2014 2751 2062 2794 ‘de‘
2080 2750 2211 2787 clopton,
2230 2747 2365 2792 Diocefis

1296 2793 1487 2835 Bathonienfis
1505 2791 1544 2827 ᾤ’
1572 2789 1727 2830 Wellenfi5‚
1750 2800 1802 2828 per
1825 2798 1951 2832 mortem
1972 2792 2064 2831 ultimi
2084 2787 2284 2831 Incumbentis
2306 2796 2364 2824 lam

1295 2832 1526 2897 vacantemiV&
1547 2828 1732 2897 adAnostram
1752 2828 1990 2895 presentatisonem
2013 2834 2122 2857 ratione
2140 2833 2259 2870 minoris
2280 2826 2363 2856 etatis

1295 2871 1580 2948 fflzz'sevezzz‘gq
1596 2876 1657 2934 iiim
1672 2876 1760 2936 §.sto
1775 2863 2366 2943 iiiifbgr‘ifiiisstffidreifflffiffissffless?

1289 2948 1315 2988 fi
1330 2947 1368 2982 &
1384 2944 1509 2984 Wllenst
1520 2943 1677 2981 Episcopo.

1333 2984 1423 3017 Teste
1438 2983 1521 3023 Rege
1534 2982 1610 3020 apud
1623 2980 1766 3021 Canbury,
1782 2981 1878 3021 primo
1891 2979 1938 3013 die
1952 2980 2090 3012 oaobris.

1336 3060 1499 3093 Willielmus
1514 3062 1627 3097 Moore,
1646 3057 1793 3096 Clericus,
1809 3059 1838 3089 in
1858 3058 1977 3089 Artibus
1988 3057 2143 3098 Magister,
2162 3059 2251 3093 habet
2265 3063 2361 3095 confi·
2380 3060 2428 3085 No.
2447 3056 2496 3092 43·

1298 3103 1379 3133 miles
1392 3101 1499 3131 Literas
1514 3098 1643 3129 Patentes
1656 3099 1693 3128 de
1709 3098 1917 3136 presentatione
1935 3097 1971 3127 ad
1989 3097 2135 3129 Vicariam
2150 3099 2186 3130 de
2201 3102 2359 3142 Kympton,
2380 3099 2430 3124 No.
2447 3104 2496 3131 49·

1297 3141 1429 3171 Diocesis
1449 3137 1615 3180 Lirfcolnie,
1634 3138 1695 3175 jam
1718 3137 1860 3174 legittime
1880 3138 1914 3167 &
1937 3136 1975 3166 de
1991 3137 2053 3174 jure
2072 3146 2223 3168 vacantem
2238 3162 2248 3178 ,
2272 3141 2305 3172 &
2325 3143 2362 3172 ad

1297 3180 1425 3210 nostram
1440 3176 1676 3215 presentationem
1698 3175 1755 3206 five
1778 3176 1888 3205 ratione
1911 3175 2031 3205 minoris
2048 3177 2126 3207 etatis
2145 3175 2263 3209 Patroni
2284 3179 2361 3210 dicte

1298 3217 1444 3254 Ecclefie,
1466 3216 1521 3246 sive
1544 3224 1598 3251 pro
1620 3214 1738 3245 defeetu
1760 3213 1964 3251 prosecutionis
1984 3213 2158 3245 liberationis
2179 3225 2228 3254 per
2247 3218 2280 3248 ὅτ.
2294 3218 2362 3255 post

1298 3265 1424 3287 mortem
1440 3252 1569 3284 Nicholai
1580 3252 1714 3293 Eristowe
1727 3252 1871 3291 Armigeri
1893 3251 2039 3290 defuncti,
2060 3252 2116 3283 five
2129 3262 2179 3292 per
2194 3256 2365 3291 pravitatem

1297 3296 1430 3326 Simonie
1444 3293 1500 3323 sive
1516 3301 1565 3329 per
1583 3291 1707 3329 Lapsum
1725 3291 1875 3329 temporis,
1894 3290 1949 3321 hac
1965 3291 2031 3321 vice
2045 3292 2241 3332 spectantem
2260 3293 2297 3325 Et
2316 3295 2363 3326 di-

1296 3336 1426 3373 riguntur
1442 3332 1478 3361 he
1494 3330 1588 3360 Litere
1603 3329 1777 3361 Reverendo
1792 3331 1823 3360 in
1839 3328 1960 3360 Christo
1971 3327 2049 3360 Patri
2064 3330 2202 3362 Domino
2217 3331 2367 3373 Johanm',

1299 3372 1442 3404 Liucolnie
1460 3368 1616 3408 Episcopo.

1334 3420 1426 3453 Teste
1445 3419 1530 3457 Rege
1546 3416 1622 3454 apud
1641 3413 1788 3452 Canbury,
1807 3413 1934 3446 secundo
1956 3414 2003 3445 die
2020 3414 2155 3446 oaobris.

1333 3515 1349 3531 ⁴⁶
1367 3509 1514 3541 Gualterus
1529 3505 1669 3545 Atwood,
1687 3504 1835 3542 Clericus,
1854 3503 1940 3534 habet
1953 3503 2114 3535 consimiles
2133 3503 2240 3535 Literas
2253 3502 2358 3535 Paten-
2378 3496 2394 3515 ’
2408 3495 2492 3524 Xlx.

1296 3561 1338 3584 tes
1352 3550 1387 3580 de
1403 3547 1607 3586 presentatione
1621 3545 1656 3576 ad
1673 3543 1818 3574 Vicariam
1843 3542 1880 3573 de
1898 3542 2054 3582 Warmister
2075 3543 2141 3573 alias
2171 3542 2358 3582 Warminster,
2415 3533 2483 3562 619-

1296 3590 1426 3621 Diocesis
1440 3591 1555 3622 Sarum,
1579 3585 1640 3622 jam
1661 3583 1802 3619 legittime
1818 3581 1851 3612 δε
1872 3580 1907 3611 de
1925 3580 1988 3618 jure
2009 3590 2182 3620 vacantem,
2200 3582 2234 3613 &
2254 3581 2290 3610 ad
2303 3588 2357 3610 „0-
2373 3577 2424 3601 No.
2443 3582 2492 3609 50.

1297 3629 1382 3659 stram
1397 3627 1586 3656 donationem
1602 3623 1658 3652 five
1673 3631 1722 3658 per
1740 3619 1863 3658 Lapsum
1881 3620 2018 3657 temporis
2041 3620 2097 3650 five
2122 3629 2172 3658 per
2193 3619 2360 3659 pravitatem

1297 3666 1428 3698 Simonie
1450 3665 1504 3694 hac
1518 3663 1582 3691 vice
1598 3660 1793 3697 spectantem,
1812 3657 1852 3689 Et
1866 3657 2026 3696 diriguntur
2041 3659 2077 3689 he
2096 3658 2190 3689 Litere
2213 3656 2357 3687 Reveren-

1297 3708 1336 3737 do
1351 3707 1380 3734 in
1394 3702 1513 3734 Christo
1528 3699 1607 3730 Patri
1620 3698 1758 3728 Domino
1771 3695 1919 3735 Johanm‚
1938 3698 2036 3726 Sarum
2055 3697 2213 3735 Episcopo.

1333 3752 1424 3784 Teste
1439 3750 1522 3789 Rege
1533 3747 1608 3785 apud
1622 3746 1768 3785 Canbury,
1786 3746 1872 3776 tertio
1887 3744 1934 3775 die
1950 3745 2085 3777 octobris.

1336 3840 1476 3878 Jeremias
1485 3834 1591 3871 Oakly,
1610 3833 1758 3870 Clericus,
1780 3833 1810 3863 in
1825 3831 1940 3862 Artibus
1954 3829 2110 3866 Magister,
2122 3827 2210 3858 habet
2225 3827 2363 3862 confimi-
2377 3847 2414 3872 N,
2442 3850 2488 3879 5¹.

1299 3879 1337 3909 les
1355 3878 1460 3907 Literas
1474 3874 1604 3903 Parentes
1618 3872 1654 3902 de
1670 3871 1874 3908 presentatione
1885 3869 1918 3898 ad
1937 3868 2104 3908 Reffitoriam
2118 3864 2154 3895 de
2169 3869 2286 3896 Minton
2300 3870 2366 3900 alias
2419 3865 2427 3876 ¹

1302 3916 1479 3947 Mindetown
1501 3912 1565 3941 alias
1578 3911 1721 3947 Munea'a,
1741 3907 1874 3940 Diocesis
1892 3904 2053 3948 Hereforafie
2065 3925 2074 3940 ‚
2094 3913 2153 3941 Jam
2176 3904 2311 3942 legittime
2331 3910 2366 3940 δε

1301 3956 1336 3985 de
1356 3955 1420 3992 jure
1443 3958 1614 3986 vacantem,
1632 3950 1665 3980 δε
1687 3948 1721 3978 ad
1739 3946 1866 3978 nostram
1881 3944 2115 3985 presentationem
2135 3952 2184 3980 per
2203 3945 2373 3981 pravitatem

1304 3993 1452 4030 Simonie,
1468 3989 1525 4021 sive
1540 3998 1589 4029 per
1608 3986 1731 4026 Lapsum
1748 3984 1884 4027 temporis
1897 3983 1951 4014 hac
1963 3988 2026 4012 vice
2043 3979 2218 4022 specstantem
2235 3993 2245 4021 3
2270 3983 2310 4028 Er
2326 3984 2374 4014 di-

2275 4030 2375 4061 rigun-
