2536 4255
745 194 1214 247 ET'ACTA

1308 207 1786 259 PUBLICA.

2226 234 2245 263 2
2256 236 2272 262 2
2285 237 2307 274 5

3 275 52 328 m.
66 293 109 325 D.
130 292 165 337 de
179 290 245 331 jure
263 299 427 337 vacantem,
448 294 482 325 &
500 292 534 323 ad
558 292 683 324 nostram
704 292 939 334 presentationem
958 290 1044 329 pleno
1058 291 1122 329 jure
1142 291 1199 336 sive
1243 292 1329 336 nienfi
1345 292 1497 333 Episcopo.
2314 306 2390 337 Αῃῃ,
2404 308 2447 339 1)⁴

7 335 89 373 1631.
128 332 223 369 aliquo
242 332 296 361 alio
315 331 805 383 quocunque.modo—speciantem3
827 330 864 359 Et
882 329 1044 374 diriguntur
1060 332 1098 359 he
1118 331 1195 374 Lite·
1263 330 1301 375 ..T
1312 331 1368 361 este
1391 332 1475 370 Rege
1490 335 1562 374 apud
1582 338 1856 380 ll'cstmonasterium,
1873 343 2010 375 vicesimo
2034 344 2154 384 septimo
2173 345 2219 376 die
2239 345 2299 384 Ju-
2333 347 2421 385 1631.

3 378 39 441 :tr
55 369 353 445 17-1rg.0113})everendo
374 381 403 400 in
422 370 542 400 Christo
561 369 637 400 Patri
665 369 802 399 Domino
827 367 942 397 Roberto
959 389 968 405 ‚
992 368 1106 406 Brrlloll
1126 369 1197 407 Epi-
1239 379 1286 398 nu.
2311 388 2365 411 An.
2386 395 2413 419 7⁴

2 538 30 564 (0,
47 541 108 559 102.

0 827 108 861 losioi.

0 1136 28 1162 το.
48 1141 109 1159 100.

0 1456 88 1487 ro.99.

0 2042 29 2068 so.
47 2047 96 2075 97.

0 2345 36 2370 rio.
54 2342 102 2376 96.

0 2662 38 2687 >Io-
57 2665 103 2693 95.

0 3005 42 3032 No.
61 3011 108 3038 94.

2 3320 46 3346 No.
64 3325 111 3353 93.

0 3443 3 3454 ¹
17 3439 125 3469 ⁶x1x.

3 3487 67 3517 354-

2 3616 54 3643 No.
72 3622 119 3650 92.

14 3963 122 3999 .No.91.

162 446 250 478 Teste
267 446 348 486 Rege
365 446 438 484 apud
457 444 728 484 westmonasterium,
746 453 846 484 quarto
865 445 911 476 die
933 449 1018 476 Maii.

164 523 313 562 Johannes
333 522 479 560 Vaughan‚
506 521 654 558 Clericus,
681 521 766 552 habet
785 522 943 553 confimiles
964 522 1072 554 Literas
1088 522 1194 553 Paten-

127 569 169 593 tes
196 564 232 592 de
260 562 462 601 presentatione
486 560 520 590 ad
538 559 706 590 Reitoriam
726 560 761 591 de
782 560 901 599 PVfily,
918 563 977 600 jam
996 562 1135 600 legittime
1159 562 1192 591 &

126 601 163 630 de
185 601 247 639 jure
275 609 421 630 vacantem
448 599 479 628 ὃς
496 598 529 628 ad
547 598 675 628 nostram
694 599 928 637 presentationem
952 601 1037 637 pleno
1057 601 1121 637 jure
1150 600 1195 631 vel

126 640 221 677 aliquo
239 639 294 668 alio
334 646 486 674 uocunque
506 637 596 666 modo
613 638 806 676 spectantem,
827 638 862 669 Et
882 639 1039 675 diriguntur
1059 640 1096 668 he
1116 639 1197 668 Lite-

127 688 157 707 re
186 678 315 707 Revereri
337 687 356 706 o
382 677 410 705 in
436 675 557 706 'Christo
584 674 660 706 Patri
690 675 826 707 Domino
853 676 975 715 Thome,
1008 676 1199 715 coventriensi

127 715 166 751 (ιγ
185 715 309 753 Lichensi'
322 714 477 752 Episcopo.

163 754 251 784 Teste
271 754 353 790 Rege
373 754 447 790 apud
468 752 888 792 Wstmonasterium,vicefimo
907 752 1030 784 secundo
1045 752 1091 784 die
1108 756 1192 783 Maii.

165 829 280 860 Thomas
298 831 407 869 Hooke,
423 829 570 867 Clericus,
588 830 618 860 in
636 829 752 860 Artibus
775 829 1020 869 Magister,habet
1035 830 1193 861 consimiles

127 868 234 899 Literas
250 869 381 900 Patentes
396 869 432 899 de
449 869 651 907 presentatione
673 868 709 898 ad
726 867 894 899 Retioriam
910 870 947 899 de
964 869 1194 907 Northmardon,

123 908 183 946 jam
207 908 345 946 legittime
369 908 402 938 &
423 907 458 937 de
476 908 538 945 jure
562 914 714 938 vacantem
732 929 741 944 ,
767 908 800 938 ὃ(
820 907 854 937 ad
871 907 996 938 nostram
1018 907 1196 944 presentatio-

127 956 195 977 nem
222 947 278 976 sive
304 956 351 983 per
381 946 502 983 Lapsum
526 946 663 983 temporis
687 945 742 975 sive
770 946 878 976 ratione
906 946 1056 983 Utlagarie
1076 946 1194 977 Patroni

127 984 204 1015 dicre
223 983 348 1015 Ecclesie
365 984 417 1015 hac
437 985 501 1016 vice
518 984 710 1022 spectanoem,
727 983 765 1014 Et
783 984 939 1023 diriguntur
960 986 996 1015 he
1016 985 1109 1016 Litere
1128 984 1189 1015 Re-

129 1024 258 1054 verendo
277 1026 305 1054 in
323 1022 442 1054 Christo
461 1022 534 1052 Patri
554 1022 688 1052 Domino
706 1023 837 1059 Ricardo,
856 1022 1007 1063 Cicesbrenfi
1025 1023 1178 1061 Episcopo.

167 1062 257 1093 Teste
276 1062 356 1101 Rege
371 1058 446 1099 apud
464 1060 739 1101 Wstmonasterium,
756 1062 894 1093 vicesimo
913 1063 1017 1100 quinto
1031 1063 1077 1092 die
1094 1065 1176 1092 Maii.

166 1138 331 1169 Willielmus
358 1138 512 1176 Hastings,
542 1137 673 1169 Clericus
690 1161 699 1176 ,
726 1136 755 1168 in
781 1135 898 1169 Artibus
926 1137 1082 1177 Magister,
1107 1137 1194 1167 habet

125 1178 288 1208 consimiles
307 1177 413 1208 Literas
430 1177 561 1207 Parentes
575 1177 611 1207 de
626 1177 827 1215 presentatione
842 1178 877 1207 ad
892 1176 1031 1207 Vicariam
1047 1177 1084 1207 de
1100 1175 1197 1217 qud-

120 1213 207 1254 ford,
218 1217 278 1254 jain
298 1216 438 1254 legittime
457 1217 490 1246 ὃς
509 1216 544 1245 de
560 1216 623 1253 jure
641 1224 809 1252 vacantem,
830 1217 863 1247 ὃς
882 1216 916 1246 ad
935 1216 1064 1245 nostram
1082 1216 1193 1252 presen—

128 1256 266 1286 tationem
282 1254 369 1293 pleno
387 1255 445 1291 jure
463 1253 635 1291 spectantem
652 1265 662 1292 3
691 1253 728 1284 Et
747 1254 904 1291 diriguntur
923 1254 958 1283 he
979 1254 1075 1284 Litere
1096 1252 1192 1282 Reve-

128 1293 220 1361 }endo
243 1295 271 1323 in
294 1292 413 1323 Christo
438 1292 514 1324 Patri
536 1292 674 1322 Domino
698 1290 844 1322 Willielmo
859 1315 869 1330 ,
902 1291 1101 1332 Petriburgenfi
1124 1290 1194 1329 Epi-

141 1341 178 1362 co
198 1341 226 1362 ο.

165 1341 255 1400 ‘feste
273 1369 358 1409 Rege
373 1368 448 1407 apud
468 1368 738 1408 Westmonasterium,
757 1368 858 1407 quinto
874 1368 918 1400 die
935 1368 1031 1408 Junii.

165 1446 300 1485 Philippus
322 1445 461 1476 Williams
497 1444 642 1482 Clericus,
660 1445 747 1475 habet
762 1444 922 1476 consimiles
942 1445 1046 1476 Literas
1061 1446 1192 1476 Patentes

122 1486 158 1516 de
178 1486 384 1524 presentatione
409 1485 443 1514 ad
463 1468 632 1513 Restoriam
650 1484 686 1513 de
704 1483 832 1523 Robeston
854 1484 943 1523 Wst,
965 1485 1028 1522 jam
1048 1485 1189 1523 legittime

122 1525 156 1555 &
173 1526 207 1554 de
219 1525 281 1562 jure
299 1530 451 1553 vacantem
468 1543 479 1560 ,
507 1523 540 1552 Sc
561 1522 596 1552 ad
623 1521 751 1552 nostram
769 1523 1005 1560 presentationem
1027 1524 1114 1560 pleno
1129 1523 1191 1559 jure

121 1563 138 1592 s
153 1563 310 1599 astantem,
329 1560 365 1590 Et
383 1560 541 1599 diriguntur
557 1561 594 1590 he
611 1561 707 1591 Litere
734 1562 908 1593 Reverendo
927 1563 956 1591 in
976 1561 1097 1593 Christo
1116 1561 1190 1592 Patri

159 1601 259 1630 omino
277 1598 418 1638 Theophila
429 1621 438 1636 ,
458 1599 619 1638 Menevenfi
636 1598 790 1637 Episcopo.

159 1638 250 1670 Teste
269 1637 353 1678 Rege
371 1637 444 1676 apud
465 1637 740 1676 Wstmonasterium,
759 1638 839 1670 sexto
856 1637 902 1669 die
921 1638 1015 1677 Junii.

167 1715 316 1746 Arthurus
334 1718 439 1752 Heron,
457 1714 589 1745 Clericus
603 1736 613 1752 ,
638 1715 668 1745 in
688 1714 803 1746 Artibus
822 1714 976 1754 Magister,
999 1716 1085 1746 habet
1102 1716 1194 1746 consi-

129 1756 210 1785 miles
229 1755 334 1785 Literas
353 1754 482 1784 Patentes
501 1753 537 1783 de
555 1753 756 1791 presentatione
773 1754 808 1784 ad
829 1753 972 1785 Vicariani
990 1756 1026 1784 de
1044 1754 1173 1784 Barwell
1187 1776 1196 1792 ,

128 1804 178 1832 per
204 1802 329 1824 mortem
353 1793 446 1823 ultimi
473 1791 671 1823 Incumbentis
698 1792 805 1822 ibidem
828 1793 886 1830 jam
912 1803 1077 1831 vacantem,
1105 1795 1137 1825 &
1159 1793 1195 1823 ad

128 1831 257 1863 nostram
279 1831 514 1870 presentationem
529 1830 614 1867 pleno
629 1831 693 1869 jure
711 1831 904 1869 speetantem,
933 1830 970 1861 Et
985 1831 1139 1871 diriguntur
1158 1831 1196 1862 he

129 1871 238 1939 Liter}3
247 1869 420 1939 Rseverendo
447 1870 478 1899 in
504 1868 624 1899 Christo
649 1869 724 1902 Patri
743 1869 882 1900 Domino
901 1868 1060 1910 Francifio,
1078 1872 1195 1901 Norwi-

128 1921 175 1940 cen
187 1920 195 1936 1
260 1919 266 1937 1
280 1918 318 1938 CO
338 1919 367 1939 O.

167 1910 257 1982 Testg
274 1917 356 1986 Re}
374 1946 447 1986 apud
466 1945 725 1989 Westmonasterium
737 1971 747 1987 ,
764 1947 880 1980 decimo
897 1948 943 1980 die
960 1949 1050 1988 Junii.

144 2025 146 2027 ’
167 2027 302 2056 Henricus
321 2024 515 2066 Williamsbn,
534 2024 684 2064 Clericus,
702 2025 785 2058 habet
800 2026 958 2059 confimiles
975 2026 1080 2058 Literas
1092 2026 1195 2058 Paten-

131 2073 174 2096 tes
192 2065 228 2095 de
247 2064 450 2102 presentatione
469 2065 503 2095 ad
522 2064 691 2095 Re&oriam
706 2065 742 2095 de
761 2065 893 2096 Allerton
908 2089 917 2105 ,
943 2066 1008 2096 alias
1027 2064 1198 2103 Alwalton‚

127 2105 186 2143 jam
213 2104 350 2143 legittime
374 2105 406 2134 ὅ(
425 2103 462 2134 de
475 2104 539 2141 jure
556 2112 703 2135 vacantem
719 2127 729 2142 ,
756 2104 789 2135 &
811 2105 846 2135 ad
869 2104 995 2135 nostram
1018 2104 1198 2142 presentatio-

131 2151 201 2174 nem
220 2142 276 2173 five
294 2152 344 2179 per
365 2141 490 2179 Lapsum
508 2143 648 2180 temporis
666 2143 722 2173 sive
738 2142 793 2172 aiio
812 2153 987 2182 quocunque
1005 2143 1096 2174 modo
1119 2144 1199 2180 spec-

133 2190 269 2220 tantem,
291 2181 329 2212 Et
353 2180 513 2220 diriguntur
538 2181 574 2212 he
601 2180 695 2211 Litere
721 2180 898 2213 Reverendo
923 2183 954 2213 in
979 2181 1099 2213 Christo
1123 2181 1201 2214 Patri

133 2220 272 2252 Domino
289 2218 439 2258 Johanni,
457 2218 644 2259 Lincolnienfi
658 2218 814 2258 Episcopo.

172 2257 263 2290 Teste
279 2257 365 2296 Rege
383 2257 457 2296 apud
479 2257 756 2298 Wstmonasterium,
773 2259 891 2291 decimo
909 2259 955 2291 die
970 2259 1065 2299 Junii.

170 2335 297 2374 Effirxius
315 2334 431 2375 Clarke,
449 2334 596 2374 Clericus,
614 2335 644 2365 in
663 2335 787 2375 Legibus
805 2336 999 2368 Baccalaurius
1010 2336 1113 2375 ,habet
1127 2346 1202 2367 cori-

136 2374 237 2405 similes
263 2374 370 2405 Literas
389 2374 519 2405 Patentes
545 2374 580 2405 de
605 2374 808 2412 presentatione
843 2376 878 2407 ad
904 2376 1070 2406 Re&oi·iam
1089 2376 1125 2405 de
1143 2374 1204 2405 Til-

133 2412 207 2451 ston,
226 2414 281 2450 jam
299 2413 438 2452 legittime
463 2414 496 2444 &
517 2412 551 2443 de
568 2414 627 2450 jure
640 2423 792 2444 vacantem
806 2437 815 2451 ,
842 2416 875 2447 δε
893 2415 928 2446 ad
947 2414 1073 2445 nostram
1092 2414 1203 2451 presen-

135 2453 275 2482 tationem
301 2462 348 2489 per
368 2451 489 2489 Lapsum
515 2452 650 2489 temporis
668 2452 724 2483 five
743 2462 792 2490 per
812 2455 977 2490 pravitatem
998 2452 1130 2483 Simonie
1148 2452 1202 2482 hac

136 2491 202 2520 vice
220 2489 393 2526 spectantem
409 2502 414 2507 ·
440 2490 478 2521 Et
497 2489 656 2529 diriguntur
673 2490 710 2520 he
729 2491 825 2521 Litere
844 2491 1018 2524 Reverendo
1035 2492 1064 2522 in
1083 2490 1203 2522 Christo

138 2527 213 2559 Patri
232 2528 368 2558 Domino
390 2514 533 2566 fahanni,
552 2528 651 2569 Cestrie
669 2527 823 2567 Episcopo.

173 2565 264 2598 Teste
282 2565 368 2605 Rege
386 2567 461 2604 apud
480 2566 754 2606 Wstmonasterium,
773 2568 891 2600 decimo
907 2568 953 2600 die
969 2568 1061 2608 Junii.

178 2643 292 2675 Thomas
306 2643 445 2685 Jeffieys,
469 2642 618 2682 Clericus,
636 2644 668 2674 in
687 2645 803 2676 Artibus
827 2645 986 2684 Magister,
1003 2646 1088 2677 habet
1112 2643 1207 2676 confi·

138 2683 218 2714 miles
243 2683 350 2714 Literas
373 2683 504 2714 Patentes
529 2683 565 2713 de
590 2683 792 2720 presentatione
816 2684 850 2714 ad
878 2684 1020 2715 Vieaiiam
1045 2685 1082 2715 de
1100 2683 1209 2714 Nether

138 2722 251 2761 Stoway
267 2745 278 2761 ,
302 2731 352 2759 per
372 2730 496 2751 mortem
516 2722 607 2752 ultimi
626 2720 823 2753 Incumbentis
839 2722 945 2753 ibidem
960 2725 1018 2760 jam
1034 2731 1181 2753 vacantem
1197 2745 1208 2760 ‚

140 2762 174 2791 &
186 2761 221 2790 ad
235 2760 361 2791 nostram
379 2759 614 2798 presentationem
637 2761 742 2791 ratione
760 2761 876 2791 minoris
893 2761 979 2792 Eratis
995 2760 1140 2800 Johannis
1158 2764 1208 2800 Sy-

141 2798 258 2829 denham
275 2799 430 2837 Armigeri,
447 2798 502 2829 hac
519 2799 585 2830 vice
609 2797 802 2837 spediantem3
820 2798 858 2830 Et
872 2800 1030 2840 diriguntur
1055 2800 1092 2830 he
1111 2799 1209 2830 Litere

141 2837 316 2867 Reverendo
338 2838 368 2866 iu
400 2836 519 2867 Christo
544 2835 622 2867 Patri
646 2836 783 2869 Domino
808 2837 943 2877 Wakero,
970 2837 1147 2878 Bathonienfi
1170 2837 1208 2873 &-

141 2874 266 2913 Wellenfi
282 2873 435 2912 Episcopo.

179 2913 270 2944 Teste
287 2911 373 2952 Rege
390 2911 464 2950 apud
483 2910 769 2952 Wstmonallerium}
786 2914 906 2946 decimo
924 2916 1010 2946 tertio
1025 2915 1071 2946 die
1090 2915 1183 2954 Junii.

182 2989 305 3028 Jacobus
322 2987 445 3026 Sibbold,
464 2987 700 3026 Clericus‚Sacre
717 2989 883 3030 Theologie
901 2991 1108 3031 Baccalaurius‚
1122 2993 1209 3023 habet

146 3029 308 3059 consimiles
336 3029 444 3058 Literas
469 3026 601 3057 Parentes
619 3027 655 3059 de
673 3029 879 3066 presentatione
896 3030 930 3060 ad
947 3029 1093 3061 Vicariam
1112 3032 1208 3061 Sancti

144 3067 250 3106 Jacobi
267 3070 298 3096 in
317 3064 515 3109 Clerken‘aiell,
530 3065 590 3104 jam
605 3064 745 3105 legittime
763 3067 796 3097 &
814 3068 850 3098 de
865 3069 928 3106 jure
947 3078 1112 3106 vacantem,
1125 3070 1158 3099 &
1173 3069 1214 3103 ad,

153 3105 280 3136 nostram
305 3104 542 3142 presentationem
566 3104 652 3141 pleno
672 3106 736 3143 jure
761 3106 957 3145 spenstamem,
993 3107 1028 3137 Et
1053 3107 1212 3147 diriguntur

145 3145 184 3213 Ῑᾶε
202 3144 298 3215 LEoerse
316 3141 489 3174 Reverendo
514 3143 543 3172 in
562 3142 683 3174 Christo
702 3144 778 3175 Patri
796 3144 933 3177 Domino
952 3145 1114 3184 Willielmo,
1134 3149 1213 3176 Lon-

167 3194 200 3214 on
246 3193 272 3220 pi
285 3191 371 3219 copo.

182 3221 274 3253 Teste
292 3220 373 3259 Rege
391 3218 466 3258 apud
485 3217 760 3260 Westmonastezium,
777 3221 893 3253 decimo
913 3223 1016 3262 quinto
1032 3223 1079 3254 die
1092 3223 1186 3263 Junii.

186 3297 349 3329 Edmundus
367 3296 464 3335 Eade,
484 3295 631 3334 Clericus,
648 3297 677 3327 in
701 3297 821 3330 Artibus
841 3299 996 3338 Magister,
1014 3300 1100 3333 habet
1120 3301 1214 3332 confi-

150 3338 232 3368 miles
250 3335 515 3379 Literas‘Patentes
528 3336 577 3379 'de
595 3336 798 3373 presentatione
821 3338 856 3368 ad
882 3338 1051 3370 Reemriam
1073 3340 1110 3370 de
1127 3340 1213 3371 South

148 3375 319 3416 Peckenham
333 3397 345 3413 ,
365 3383 426 3412 Jam
449 3373 583 3413 legittime
601 3374 635 3404 &
651 3373 687 3404 de
701 3375 764 3412 jure
781 3384 929 3407 vacantem
942 3400 951 3415 ,
971 3379 1004 3409 δε
1026 3378 1061 3409 ad
1086 3379 1213 3409 nostram

150 3414 386 3454 presentationem
412 3412 432 3432 ²*
458 3422 507 3450 per
532 3411 654 3450 Lapsum
672 3415 808 3451 temporis
833 3414 890 3445 five
912 3424 961 3454 per
979 3418 1145 3455 pravitatem
1168 3418 1214 3449 Si-

151 3454 252 3486 monie
277 3452 330 3482 hac
353 3451 615 3488 vicespeetantem
635 3450 673 3481 Et
689 3450 849 3492 diriguntur
866 3454 905 3484 he
926 3454 1017 3486 Litere
1037 3454 1214 3488 Reverendo

153 3494 183 3524 in
198 3490 317 3522 Christo
334 3489 413 3520 Patri
433 3488 569 3519 Domino
583 3489 741 3528 Francisio,
756 3492 881 3522 Norwici
900 3492 1052 3531 Episcopo.

185 3530 276 3563 Teste
290 3529 373 3568 Rege
387 3527 463 3566 apud
479 3526 737 3568 Wqstmonasterium
746 3552 755 3566 ,
774 3529 891 3561 decimo
903 3531 1024 3570 septimo
1039 3531 1086 3564 die
1097 3533 1193 3572 Junii.

190 3606 338 3647 Johannes
356 3605 494 3643 Osborne,
520 3604 667 3643 Clericus,
682 3606 711 3636 in
731 3605 846 3638 Artibus
864 3606 1019 3647 Magister,
1039 3609 1125 3641 habet
1142 3620 1216 3641 con.

154 3647 256 3678 fimiles
277 3646 382 3677 Literas
394 3644 525 3675 Parentes
538 3643 574 3674 de
585 3645 787 3681 presentatione
800 3645 834 3676 ad
847 3645 1016 3677 Reetoriam
1031 3648 1067 3678 de
1082 3652 1216 3687 Anning-

153 3693 224 3724 ton,
244 3686 303 3723 jam
319 3684 458 3722 legittime
478 3684 512 3713 &
528 3682 564 3712 de
580 3684 806 3727 jure-vacantem
822 3707 832 3723 ,
856 3686 890 3716 &
906 3685 941 3715 ad
959 3686 1084 3717 nostram
1104 3688 1217 3725 presen-

156 3725 295 3756 tationem
315 3732 364 3761 per
389 3721 513 3759 Lapsum
532 3728 668 3764 temporis
683 3721 738 3752 five
757 3731 805 3759 per
824 3724 991 3760 pravitatem
1014 3725 1144 3756 Simonie
1161 3726 1214 3759 hac

158 3763 223 3792 vice
247 3762 421 3799 spe&antem
435 3771 446 3798 3
461 3759 498 3790 Et
511 3759 671 3797 diriguntur
686 3759 724 3790 he
744 3760 839 3792 Litere
858 3761 1032 3793 Reverendo
1048 3764 1077 3794 in
1095 3763 1216 3797 Christo

157 3800 234 3831 Patri
254 3800 389 3831 Domino
407 3798 539 3834 Ricardo,
553 3800 657 3827 oxonie
673 3797 826 3836 Episcopo.

183 3837 288 3884 „Teste
311 3837 396 3877 Rege
412 3837 488 3876 apud
504 3834 783 3876 Wstmonallerium,
800 3837 938 3869 vicesimo
954 3838 1080 3871 secundo
1097 3840 1143 3873 die
1156 3842 1217 3881 Ju-

156 3887 212 3907 nn.

200 3952 350 3993 Johannes
368 3956 497 3992 Turner,
521 3951 671 3991 Clericus,
697 3952 725 3981 in
751 3951 866 3983 Artibus
891 3950 1081 3985 Baccalaurius
1096 3978 1106 3994 ‚
1134 3956 1218 3989 habet

163 3991 323 4024 consimiles
340 3991 444 4023 Literas
460 3992 593 4023 Patenres
611 3991 646 4022 de
666 3990 866 4028 presentatione
886 3991 921 4021 ad
944 3991 1087 4023 Vicariam
1103 3993 1138 4024 de
1161 3996 1219 4026 Til-

165 4029 278 4067 ·worth‚
294 4030 351 4066 jam
368 4030 507 4069 legittime
524 4031 558 4061 ὃ(
577 4030 613 4060 de
629 4031 688 4068 jure
712 4038 880 4066 vacantem,
896 4030 930 4060 &
953 4031 988 4060 ad
1011 4032 1137 4062 nostram
1157 4043 1222 4070 pre-

160 4070 345 4101 sentationem
363 4077 413 4105 per
430 4067 552 4105 Lapsum
570 4069 704 4106 temporis
721 4068 890 4111 speetantem
905 4079 915 4106 3
943 4067 980 4098 Et
1004 4069 1160 4109 diriguntur
1185 4073 1223 4102 he

165 4108 264 4140 Litere
290 4105 464 4137 Reverendo
487 4107 517 4136 in
542 4106 660 4141 Christo
687 4106 763 4140 Patri
787 4105 925 4140 Domino
941 4106 1091 4147 Johanm·‚
1108 4110 1223 4142 Lincol-

201 4148 278 4177 Tam.
296 4146 381 4176 VIII.
400 4145 436 4176 P.
453 4145 516 4181 ΙΙΙ,

2309 426 2371 450 Car.
2394 433 2419 451 1.

1274 445 1425 491 Jervafinr
1445 448 1643 492 Scarborough,
1667 452 1796 485 Clericus
1809 478 1817 492 ,
1838 458 1865 486 in
1888 457 2001 487 Artibus
2019 458 2226 498 Baccalaurius,
2242 462 2293 490 ha·
2313 466 2361 488 No.
2377 470 2425 497 90.

1238 484 1288 514 bet
1307 486 1465 530 coniimiles
1488 487 1590 517 Literas
1612 492 1739 521 Parentes
1758 496 1792 523 de
1809 496 2008 530 presentatione
2024 498 2057 526 ad
2075 497 2244 529 Reetoriam
2259 501 2296 530 dc

1237 522 1379 573 Geldesr'on
1396 549 1405 561 ,
1433 534 1482 561 per
1508 534 1634 555 mortem
1661 530 1753 569 ultimi
1779 531 1972 563 Incumbentis
1990 536 2097 565 ibidem
2114 539 2172 574 jain
2192 548 2295 568 vacan-

1236 570 1296 605 tem
1314 585 1323 600 ,
1350 566 1381 592 b:
1404 564 1437 592 ad
1459 565 1582 592 nostram
1604 568 1834 600 presentationem
1857 572 1939 608 pleno
1954 581 2016 608 Jure
2035 574 2206 610 spectantem
2227 587 2233 593 ·
2253 577 2292 607 Et

1236 600 1396 639 diriguntur
1415 602 1451 631 he
1474 602 1567 644 Litere
1588 601 1758 634 Reverendo
1776 608 1805 635 in
1825 608 1943 638 Christo
1960 611 2031 641 Patri
2049 612 2184 644 Domino
2200 599 2292 645 Fi‘an-

1235 639 1314 677 cisco,
1335 642 1460 668 Norwi‘ci
1476 639 1620 677 Epiicopo

1273 677 1360 708 Teste
1379 678 1463 718 Rege
1482 681 1554 716 apud
1576 678 1851 719 Wstmonaslerrum,
1870 694 1947 714 nouo
1965 685 2011 715 die
2030 686 2122 725 Junii.

1269 754 1403 797 *Jofhphus
1418 757 1492 793 Lee,
1511 754 1656 794 Clericus,
1677 757 1705 785 in
1725 755 1839 787 Artibus
1858 757 2012 799 Martister,
2031 762 2112 794 habet
2133 767 2294 799 consimiles
2309 763 2358 787 Μ’
2377 758 2426 793 89·

1239 791 1344 823 Luci-„is
1368 793 1495 824 Patentes
1512 795 1549 824 de
1567 794 1769 832 presentatione
1789 796 1822 825 ad
1844 796 2004 828 Rectoriain
2024 802 2058 830 de
2076 805 2229 842 Eggmton‚
2244 816 2294 845 per

1237 840 1361 861 mortem
1376 833 1472 876 ‘ultimi
1487 833 1682 864 Incumbentis
1697 834 1805 864 ibidem
1821 835 1877 871 jam
1893 842 2095 876 vacantem,&
2117 845 2149 871 ad
2168 844 2293 875 nostram

1238 872 1472 914 presentationem
1491 873 1604 915 *ratione
1631 872 1754 915 minoris.
1773 872 1859 914 Eratis
1886 873 2019 909 johannis
2038 880 2168 917 Harpur,
2192 881 2295 913 Militis

1238 907 1352 938 Patroni
1381 909 1457 939 dicte
1475 910 1600 940 Ecclesie
1618 934 1627 946 ,
1655 911 1709 940 hac
1729 920 1792 940 vrce
1811 910 1984 947 spectantem
2003 926 2006 930 ·
2030 914 2065 945 Et
2083 919 2237 956 diriguntur
2256 922 2294 952 he

1238 945 1332 977 Litere
1352 946 1524 978 Reverendo
1544 950 1573 978 in
1593 948 1713 979 Christo
1733 948 1809 980 Patri
1828 949 1962 980 Domino
1980 937 2092 992 Tirome,
2108 960 2294 999 Coventriergsz

1236 984 1273 1019 όν
1290 985 1416 1025 Lirhenfi
1430 986 1584 1025 Episcopo.

1264 1023 1361 1069 “Teste
1380 1025 1463 1064 Rege
1481 1027 1555 1065 apud
1575 1025 1858 1065 Wstmomsterium„
1889 1027 2025 1058 vicesimo
2045 1028 2162 1068 septimo
2179 1033 2223 1066 die
2239 1035 2295 1074 Ju2

1238 1073 1287 1092 nn.

1275 1138 1473 1184 christophqrus
1499 1141 1670 1179 Pritchard,
1695 1141 1826 1174 Clericus
1841 1167 1851 1182 ,
1885 1144 1914 1173 in
1939 1143 2055 1175 Artibus
2084 1145 2297 1189 Baccalaurius,
2315 1147 2365 1171 No.
2380 1142 2426 1171 8²3*

1236 1176 1321 1208 habet
1347 1181 1505 1210 consimiles
1532 1182 1636 1211 Literas
1660 1182 1787 1212 Parentes
1805 1183 1842 1212 de
1859 1182 2063 1220 presentatione
2081 1185 2116 1215 ad
2133 1186 2297 1219 Rectoriam

1237 1215 1272 1245 de
1291 1218 1507 1259 Brockaqnpton,
1525 1221 1584 1257 jam
1600 1220 1738 1258 legittime
1754 1222 1786 1251 ὃς
1805 1222 1840 1250 de
1858 1232 1917 1259 jure
1936 1231 2105 1260 vacantem,
2123 1224 2156 1253 &
2175 1225 2208 1255 ad
2231 1237 2297 1257 nos-

1237 1262 1311 1296 tram
1342 1259 1576 1293 presentationem
1603 1268 1652 1296 per
1674 1259 1799 1296 Lapsuni
1826 1261 1963 1298 temporis
1989 1263 2176 1300 spectantem3
2203 1262 2237 1293 Et
2256 1266 2299 1295 di-

1239 1301 1367 1337 riguntur
1393 1297 1428 1325 he
1452 1296 1546 1327 Litere
1571 1295 1744 1327 Reverendo
1772 1300 1799 1327 iii
1825 1298 1941 1329 Christo
1961 1300 2037 1331 Patri
2056 1299 2191 1331 Domino
2209 1306 2300 1333 Fran-

1237 1335 1300 1370 asco
1312 1356 1321 1369 ‚
1341 1332 1501 1372 Herefhrdie
1522 1334 1672 1372 Episcopo.

1275 1370 1367 1402 Teste
1386 1372 1469 1412 Rege
1487 1375 1560 1413 apud
1580 1372 1858 1413 Westmonasterium,
1878 1376 2017 1406 vicesimo
2032 1377 2127 1414 primo
2142 1378 2188 1409 die
2206 1379 2302 1418 Junii.

1275 1448 1435 1493 thlqam'el
1453 1449 1587 1493 Holmer,
1616 1449 1746 1481 Clericus
1761 1476 1768 1488 ,
1792 1453 1820 1482 in
1842 1452 1956 1483 Artibus
1975 1453 2165 1486 Baccalaurius
2179 1478 2189 1493 ,
2214 1456 2301 1488 habet
2318 1454 2366 1477 No.
2385 1449 2430 1485 37·

1238 1488 1397 1517 conlimiles
1424 1489 1531 1519 Literas
1558 1489 1686 1520 Parentes
1711 1490 1747 1520 de
1790 1493 1992 1527 pretentatione
2012 1494 2046 1522 ad
2072 1494 2239 1525 Rectoriatn
2263 1496 2302 1526 dc

1238 1526 1398 1565 Wypsnade,
1418 1537 1465 1564 per
1494 1537 1617 1558 mortem
1644 1529 1735 1558 ultimi
1762 1528 1958 1560 Incumbentis
1984 1531 2089 1561 ibidem
2109 1534 2170 1570 jam
2197 1543 2300 1564 vacan-

1238 1572 1296 1608 tem
1313 1587 1322 1602 ,
1348 1566 1380 1595 &
1395 1568 1428 1595 ad
1450 1565 1574 1597 nostram
1593 1567 1831 1603 presentationem
1850 1569 1935 1605 pleno
1952 1570 2013 1606 jure
2038 1572 2211 1608 spectantem
2228 1584 2239 1611 3
2263 1572 2303 1603 Et

1239 1602 1395 1642 diriguntur
1416 1605 1452 1634 he
1477 1604 1573 1634 Litere
1599 1604 1773 1636 Reverendo
1795 1608 1825 1636 in
1847 1606 1966 1638 Christo
1994 1608 2070 1639 Patri
2096 1609 2229 1642 Domino
2252 1612 2304 1649 Jo-

1238 1640 1343 1679 hanni,
1362 1642 1540 1682 Linrolnienfi
1553 1643 1707 1680 Episcopo.

1275 1681 1363 1711 Teste
1381 1680 1463 1720 Rege
1478 1681 1552 1719 apud
1572 1681 1837 1722 westmonasterium,
1860 1684 1997 1715 vicesimo
2014 1686 2120 1719 octavo
2140 1687 2184 1719 die
2201 1689 2283 1727 Julii.

1277 1760 1422 1788 Martinus
1441 1761 1581 1795 Bennett,
1597 1757 1745 1797 Clericus,
1761 1761 1789 1790 in
1808 1760 1924 1791 Artibus
1942 1761 2098 1801 Magister,
2122 1764 2207 1795 habet
2225 1773 2300 1797 con-
2322 1766 2369 1791 No·
2383 1762 2431 1799 εὕρ

1241 1796 1342 1827 similes
1371 1797 1478 1827 Literas
1494 1796 1622 1827 Patentes
1643 1797 1679 1828 de
1700 1799 1898 1836 presentatione
1912 1800 1944 1829 ad
1961 1801 2129 1831 Rectoriam
2144 1803 2178 1833 de
2196 1807 2304 1844 Scamp-

1239 1843 1305 1874 ton,
1324 1837 1378 1873 jam
1402 1836 1539 1874 legittime
1553 1836 1586 1866 &
1600 1836 1636 1866 de
1650 1836 1708 1872 jure
1725 1845 1890 1874 vacantem,
1911 1840 1943 1869 ὃ(
1964 1840 1997 1869 ad
2019 1840 2143 1870 nostiam
2164 1843 2302 1879 presenta-

1240 1876 1349 1905 tionem
1367 1883 1417 1912 per
1436 1873 1540 1912 lapsum
1558 1875 1693 1911 temporis
1714 1874 1772 1904 sive
1793 1885 1841 1911 per
1860 1878 2025 1916 pravitatem
2043 1879 2174 1910 Simonie
2189 1879 2242 1912 hac
2257 1883 2302 1912 vi-

1240 1924 1274 1945 ce
1292 1913 1483 1981 {geffitantem3
1502 1912 1540 1943 Et
1552 1912 1710 1950 diriguntur
1726 1913 1764 1943 he
1780 1913 1875 1945 Litere
1892 1914 2064 1948 Reverendo
2077 1920 2105 1947 in
2120 1917 2238 1951 Chriito
2249 1920 2303 1952 Pa-

1240 1953 1275 1984 tri
1326 1952 1429 1982 omino
1447 1950 1592 1990 Johanm',
1610 1951 1752 1981 Lincolnie
1771 1952 1922 1990 Episcopo.

1278 1990 1370 2022 Teste
1383 1989 1466 2030 Rege
1478 1990 1552 2028 apud
1569 1989 1841 2030 Wellmonaslerium,
1857 1993 1960 2030 quinto
1979 1992 2024 2024 die
2040 1994 2119 2031 Julii.

1282 2069 1446 2102 Willielmus
1462 2071 1584 2108 Larum,
1600 2068 1746 2107 Clericus,
1756 2071 1785 2100 in
1804 2069 1921 2102 Artibus
1943 2071 2083 2111 Magister
2096 2095 2106 2110 ,
2134 2073 2219 2105 habet
2234 2085 2308 2106 con-
2323 2076 2372 2102 No.
2390 2071 2437 2108 85.

1243 2110 1344 2141 fimiles
1364 2109 1468 2139 Literas
1487 2108 1616 2139 Patentes
1631 2109 1667 2139 de
1693 2109 1896 2146 presentatione
1921 2110 1955 2140 ad
1986 2112 2127 2143 vicariam
2153 2113 2188 2144 de
2214 2116 2308 2144 Law-

1243 2160 1321 2179 rence
1337 2146 1498 2185 Waltham,
1519 2148 1578 2185 jam
1597 2148 1735 2186 legittime
1753 2150 1786 2179 ὃ(
1801 2148 1838 2178 de
1855 2149 1920 2186 jure
1938 2159 2086 2181 vacantem
2103 2173 2112 2188 ,
2137 2151 2170 2181 ὃ(
2188 2153 2222 2182 ad
2241 2163 2308 2183 nos-

1242 2197 1315 2219 tram
1335 2187 1568 2225 presentationem
1592 2196 1641 2224 per
1662 2186 1786 2224 Lapsum
1805 2188 1940 2225 temporis
1960 2189 2011 2219 hac
2030 2191 2094 2219 vice
2110 2189 2280 2226 spectantem
2298 2204 2309 2229 ς

1244 2225 1283 2257 Et
1300 2227 1451 2263 driguntur
1467 2224 1506 2254 he
1526 2223 1620 2255 Litere
1639 2224 1812 2256 Reverendo
1830 2226 1858 2255 in
1878 2225 1996 2257 Christo
2015 2227 2090 2258 Patri
2108 2227 2244 2259 Domino
2254 2231 2310 2267 Jo-

1245 2264 1332 2295 hanni
1342 2287 1350 2302 ,
1368 2267 1466 2294 Sarum
1485 2262 1641 2302 Episcopo.

1281 2303 1369 2334 Teste
1383 2303 1466 2340 Rege
1479 2301 1552 2340 apud
1572 2301 1850 2342 W‘stmonasterium,
1869 2313 1948 2334 nono
1965 2303 2011 2334 die
2030 2304 2108 2341 Julii.

1282 2383 1400 2417 Rogerus
1415 2380 1545 2418 Sparkes,
1566 2379 1711 2418 Clericus,
1731 2381 1759 2410 in
1782 2380 1897 2411 Artibus
1916 2380 2118 2420 Baccalaurius,
2137 2383 2221 2413 habet
2236 2391 2310 2414 con-
2326 2395 2376 2421 No,
2395 2389 2441 2427 84,

1247 2419 1346 2450 similes
1370 2420 1477 2450 Literas
1495 2419 1624 2449 Patentes
1641 2420 1678 2449 de
1697 2419 1898 2456 prerentatione
1922 2420 1955 2449 ad
1977 2420 2119 2451 vicariam
2136 2424 2171 2451 de
2186 2422 2314 2452 Parrhes-

1248 2466 1308 2496 ter,
1327 2468 1375 2495 per
1394 2458 1610 2496 resignationem
1628 2458 1721 2488 ultimi
1740 2457 1934 2487 Incumbentis
1951 2459 2056 2488 ibidem
2069 2461 2129 2497 jam
2146 2470 2315 2501 vacantem,

1248 2498 1282 2528 &
1299 2497 1333 2527 ad
1354 2496 1483 2526 nostram
1500 2496 1735 2533 presentationem
1753 2497 1838 2533 pleno
1852 2498 1916 2533 jure
1933 2497 2173 2536 spectantem3Et
2192 2501 2318 2537 dirigun-

1248 2544 1294 2565 tur
1319 2535 1355 2565 he
1381 2535 1477 2565 Litere
1502 2535 1676 2566 Reverendo
1703 2536 1733 2566 in
1759 2534 1880 2565 Christo
1905 2534 1982 2565 Patri
2010 2535 2147 2568 Domino
2171 2538 2288 2568 Ricardo
2303 2560 2314 2575 ,

1250 2573 1437 2612 Wintonienfi
1455 2573 1606 2611 Episcopo.

1285 2612 1374 2644 Teste
1391 2611 1473 2652 Rege
1489 2613 1561 2649 apud
1577 2611 1838 2651 westmonasterium
1848 2634 1858 2650 ,
1877 2613 1978 2650 quinto
1997 2613 2045 2643 die
2063 2612 2148 2651 Julrr.

1286 2691 1420 2720 chricus
1439 2689 1548 2727 Batch,
1563 2689 1767 2732 Clericus,⁴in
1790 2688 1904 2722 Artibus
1931 2689 2084 2729 Magister,
2112 2691 2198 2722 habet
2222 2693 2317 2723 consi—
2333 2694 2382 2719 No.
2398 2688 2443 2728 83·

1253 2729 1334 2759 miles
1349 2729 1455 2759 Literas
1469 2729 1597 2759 Patentes
1612 2730 1647 2759 de
1666 2730 1869 2767 preientatione
1894 2729 1928 2759 ad
1946 2729 2115 2759 Recta-irtam
2136 2731 2231 2760 Sal-zeii
2249 2735 2318 2763 An-

1252 2768 1315 2798 dree
1333 2769 1363 2797 iri
1383 2766 1551 2806 Pikenham,
1568 2768 1627 2805 jam
1642 2768 1778 2806 legittime
1795 2769 1825 2797 ὅ(
1843 2768 1879 2796 de
1890 2769 1953 2805 jure
1978 2777 2126 2799 vacantem
2137 2770 2186 2805 ,δε
2203 2769 2236 2799 ad
2251 2780 2319 2799 nos-

1252 2815 1327 2837 tram
1351 2805 1586 2844 presentationem
1604 2807 1689 2843 pleno
1709 2807 1766 2843 jure
1785 2806 1973 2844 speiftaiitem,
2001 2807 2020 2825 *Ε
2048 2806 2084 2836 Et
2100 2808 2257 2843 diriguntur
2280 2808 2318 2838 he
2335 2813 2449 2844 “X1x,

1233 2845 1348 2875 2Litere
1374 2843 1549 2875 Reverendo
1572 2847 1600 2874 in
1628 2845 1746 2875 Chiisto
1766 2844 1840 2875 Parri
1860 2845 1995 2875 Domino
2013 2844 2153 2882 Francifio
2167 2868 2176 2881 ,
2204 2846 2318 2875 Norwi-
2333 2859 2398 2887 355.

1252 2882 1318 2953 αξξ
1338 2883 1487 2920 Episcopo.

1318 2921 1375 2952 este
1388 2921 1472 2961 Rege
1488 2922 1561 2959 apud
1581 2921 1836 2960 Wcstmonasterium
1854 2943 1863 2959 ,
1893 2931 1973 2952 nono
1998 2920 2043 2950 die
2059 2919 2137 2958 Julii.

1288 2998 1449 3028 Edwardus
1467 2997 1609 3038 Lawson,
1628 2997 1774 3034 Clericus,
1794 2998 1821 3027 in
1842 2997 1959 3028 Artibus
1980 2996 2130 3036 Magister,
2145 2997 2229 3029 habet
2245 3007 2318 3029 con·
2332 3010 2380 3035 No,
2401 3005 2447 3037 82,

1252 3037 1352 3067 similes
1366 3037 1472 3066 Literas
1486 3037 1613 3067 Patentes
1633 3038 1668 3067 de
1684 3037 1886 3074 presentatione
1904 3037 1938 3065 ad
1957 3036 2127 3066 Rectoriam
2138 3036 2172 3066 de
2190 3041 2320 3076 emron,

1251 3085 1301 3114 per
1319 3084 1444 3105 mortem
1460 3075 1552 3105 ultimi
1570 3075 1763 3105 incumbentis
1779 3074 1886 3105 ibidem
1905 3075 1960 3110 iam
1981 3084 2146 3112 vacantem,
2165 3077 2197 3105 &
2215 3076 2248 3105 ad
2264 3086 2319 3106 no·-

1251 3115 1336 3145 stram
1351 3114 1587 3150 presentationem
1607 3114 1691 3149 pleno
1704 3113 1767 3151 jure
1780 3112 2017 3151 spectantem3Et
2035 3114 2194 3153 diriguntur
2212 3114 2249 3143 he
2267 3115 2318 3143 Li-

1250 3161 1325 3221 tEeres
1334 3151 1508 3182 Reverendo
1534 3153 1564 3182 in
1583 3151 1704 3183 Christo
1722 3151 1799 3182 Patri
1817 3151 1951 3182 Domino
1970 3151 2114 3191 Joloanni,
2140 3152 2322 3193 Lincolnienfi

1299 3200 1357 3220 ico
1378 3200 1408 3220 o.

1279 3201 1381 3260 PTestig
1396 3228 1478 3268 Rege
1497 3228 1571 3267 apud
1590 3229 1734 3269 Canbury,
1751 3227 1926 3259 duodecimo
1944 3228 1992 3259 die
2005 3229 2028 3267 J
2033 3229 2088 3259 ulii.

1291 3305 1450 3336 Edwardus
1472 3305 1595 3345 Wyrley,
1616 3305 1763 3344 Clericus,
1781 3306 1810 3336 in
1833 3305 1947 3337 Artibus
1966 3305 2119 3345 Magister,
2143 3306 2228 3336 habet
2244 3316 2317 3338 con·
2331 3316 2381 3342 No,
2400 3312 2446 3343 81.

1254 3345 1354 3376 fimiles
1380 3344 1487 3375 Literas
1509 3344 1637 3375 Parentes
1666 3345 1702 3375 de
1749 3345 1930 3375 resentatione
1956 3345 1989 3374 ad
2021 3345 2188 3375 Reitoriam
2220 3347 2319 3376 Sanlli
2440 3346 2445 3351 ’

1254 3384 1332 3414 Ebbe
1345 3406 1355 3421 ,
1378 3393 1427 3420 per
1453 3392 1578 3414 mortem
1606 3383 1700 3414 ultimi
1744 3383 1926 3413 ncumbentis
1944 3383 2049 3412 ibidem
2063 3384 2123 3420 jam
2142 3393 2290 3416 vacantem
2308 3407 2319 3423 ,

1251 3423 1286 3453 &
1305 3423 1339 3453 ad
1357 3421 1482 3452 nostram
1502 3421 1737 3459 presentationem
1752 3422 1837 3459 pleno
1849 3422 1910 3459 jure
1928 3420 2115 3458 spectantem,
2135 3420 2171 3453 Et
2190 3423 2322 3459 dirigun-

1253 3470 1300 3491 tur
1326 3461 1364 3490 he
1391 3459 1488 3490 Litere
1512 3459 1688 3491 Reverendo
1714 3460 1743 3490 in
1771 3460 1889 3490 Christo
1919 3458 1995 3489 Patri
2018 3458 2154 3491 Domino
2177 3461 2293 3491 Ricardo
2307 3484 2319 3500 ‚

1252 3502 1359 3530 Oxonie
1376 3497 1528 3537 Episcopo.

1288 3537 1377 3568 Teste
1397 3537 1479 3576 Rege
1495 3536 1569 3575 apud
1588 3536 1730 3576 Canhury,
1748 3537 1886 3567 vicesimo
1906 3536 2002 3574 primo
2019 3536 2064 3568 die
2082 3536 2162 3574 Julii.

1289 3613 1460 3652 Augustinm
1478 3615 1585 3651 Payne,
1611 3613 1754 3649 Clericus,
1772 3614 1801 3643 iri
1821 3612 1934 3644 Artibus
1956 3612 2113 3652 Magister,
2132 3613 2219 3645 habet
2238 3624 2313 3645 con·
2326 3628 2375 3654 No,
2394 3624 2440 3656 80,

1252 3652 1353 3683 similes
1370 3654 1476 3683 Literas
1492 3651 1621 3683 Patentes
1636 3653 1672 3683 de
1689 3652 1895 3689 presentatione
1909 3651 1942 3682 ad
1961 3652 2130 3682 Redtoriam
2148 3652 2183 3682 de
2199 3653 2312 3691 Easter-

1251 3699 1335 3730 gate,
1348 3692 1406 3728 jam
1425 3691 1564 3729 legittime
1581 3692 1613 3721 ὃς
1632 3691 1668 3721 de
1683 3691 1743 3727 jure
1762 3699 1912 3720 vacantem
1930 3712 1939 3726 ,
1958 3691 1991 3721 &
2009 3690 2045 3720 ad
2059 3690 2184 3720 nostram
2203 3691 2315 3728 presen-

1253 3731 1390 3760 tationem
1408 3738 1457 3765 per
1476 3728 1598 3766 Lapsum
1617 3729 1751 3766 temporis
1770 3728 1824 3758 hac
1840 3730 1905 3759 vice
1924 3728 2111 3766 spectantem,
2131 3728 2169 3759 Et
2185 3729 2314 3769 dirigun-

1253 3777 1299 3798 tur
1317 3768 1352 3797 he
1377 3767 1471 3798 Litere
1491 3767 1664 3798 Reverendo
1684 3769 1714 3797 in
1734 3765 1852 3796 Christo
1878 3766 1954 3797 Patri
1968 3765 2103 3796 Domino
2116 3767 2252 3807 Ricardo,
2270 3772 2315 3799 Ci-

1254 3804 1372 3846 cestrenfi
1390 3805 1543 3843 Episcopo.

1288 3845 1378 3876 Teste
1395 3844 1480 3883 Rege
1492 3843 1565 3881 apud
1585 3842 1727 3881 Canbury,
1763 3842 2002 3873 decimo-octavo
2015 3842 2060 3873 die
2076 3844 2205 3884 Augusti,

1289 3919 1439 3950 Nicholaus
1458 3922 1558 3957 Hunt,
1578 3918 1707 3950 Clericus
1720 3942 1729 3957 ,
1757 3920 1784 3949 in
1806 3919 1922 3950 Artibus
1942 3918 2078 3958 Magister
2091 3944 2101 3960 ,
2121 3921 2208 3953 habet
2222 3921 2370 3956 consi-No.
2386 3936 2431 3962 79.

1254 3960 1333 3990 miles
1352 3959 1459 3988 Literas
1477 3958 1605 3988 Parentes
1622 3957 1657 3987 de
1683 3957 1892 3994 presentatione
1909 3956 1944 3987 ad
1964 3957 2106 3989 Vicariam
2134 3960 2316 4000 thast0n‚

1256 4008 1304 4035 per
1322 4004 1446 4026 mortem
1463 3996 1554 4027 ultimi
1573 3994 1768 4026 Incumbentis
1787 3996 1895 4026 ibidem
1915 3998 2122 4035 vacantem‚&
2137 3999 2170 4029 ad
2190 4003 2317 4029 nostram

1256 4035 1492 4073 presentationem
1514 4034 1601 4071 pleno
1618 4034 1679 4071 jure
1695 4033 1893 4072 spetiantem3
1915 4033 1953 4064 Et
1978 4034 2137 4073 diriguntur
2163 4038 2198 4067 he
2219 4038 2313 4067 Litere

1258 4073 1431 4104 Reverendo
1454 4073 1484 4105 in
1508 4071 1627 4103 Christo
1650 4071 1726 4104 Patri
1751 4071 1887 4103 Domino
1911 4074 2050 4112 Francisco
2063 4096 2074 4114 ‚
2098 4077 2224 4107 Norwici
2248 4075 2319 4111 Epi-

1258 4112 1358 4151 ΕΘΝ
1770 4148 1817 4180 Ff
2239 4150 2328 4182 Teste
