2536 4255
11 166 89 211 ann.
100 166 142 210 15.

39 219 123 256 1625.

9 261 61 285 An.
86 267 109 285 ι.

9 298 72 324 Cizr.
96 296 120 323 i.

9 338 70 361 Pat.
84 342 107 360 i.

7 376 70 400 Car.
83 376 139 406 hp.

11 419 38 445 7.
51 419 77 437 n.
95 417 142 444 24.

8 1198 144 1231 *xvim

42 1241 106 1269 288.

660 66 770 110 ET
867 62 1131 110 ACTA

296 290 394 323 devile
413 291 450 323 de
471 292 632 336 Dignitate
656 291 784 322 Comitis
806 287 842 320 de
867 287 1070 331 Adanchcster.

158 372 213 428 R
228 374 252 404 E
263 374 311 413 X,
327 376 390 407 &c.
428 371 659 410 Archiepiscopis
688 371 820 402 Ducibus
839 371 1073 412 Marchionibusr
1086 371 1214 403 Comiti-

236 414 288 444 bus
309 413 534 446 Vicecomitibus
551 410 699 448 Episcopis
718 410 872 440 Batonibus
898 410 1041 441 Militibus
1066 411 1119 441 Pre
1139 410 1214 440 ositis

156 448 267 482 Liberis
284 451 481 488 Hominibus,
506 459 540 480 ac
559 450 696 479 omnibus
715 448 871 478 Officiariis
889 447 1031 479 Ministris
1058 450 1091 480 &
1110 420 1214 479 Spubdi-

152 489 198 558 tSisl
209 490 311 520 nostris
329 489 546 528 quibuscunque
574 487 609 518 ad
634 497 709 526 quos
728 486 867 517 Presentes
898 486 990 518 Litere
1008 488 1186 526 pervenerint
1206 509 1217 524 ,

175 538 187 557 a
201 537 290 559 utem.

195 566 274 597 Cum
294 565 389 602 Regie
406 563 550 603 Majestati
570 564 602 594 ὅ(
622 563 790 594 Celfitudini
809 563 848 592 nil
866 564 1003 593 convenit
1021 565 1112 600 magis
1131 573 1217 602 quam

155 604 240 635 Viros
258 603 424 634 clarissimos
443 606 477 635 ὅς
498 603 658 634 Virtutibus
676 601 859 642 precellentes
878 601 1052 632 Honoribus
1070 603 1219 639 nobilitare

156 642 191 673 &
209 641 358 680 insignire,
374 648 406 672 ut
423 642 532 672 altiores
551 640 679 672 Conatus
697 640 726 670 in
748 639 800 670 Via
821 640 966 670 Virtutum
993 640 1029 670 sic
1055 640 1220 670 excitaren-

155 688 200 711 tur
218 681 247 710 in
266 681 319 710 illis
336 681 385 720 qui
403 690 455 718 pro
476 680 591 711 Meritis
608 679 662 711 suis
681 679 707 709 se
722 677 838 708 sentiant
857 679 1031 716 honoratos,
1049 679 1082 709 &
1102 687 1131 708 ut
1154 678 1219 714 alii,

156 727 258 748 eorum
280 718 440 758 Exemplo,
459 719 650 750 accendantur
667 717 701 747 ad
719 727 750 747 ea
770 727 823 754 que
845 718 933 748 taliter
960 718 1072 747 exaltari
1098 717 1124 746 se
1152 715 1219 746 red-

156 756 226 787 dant
244 756 347 797 dignos
365 770 375 796 ·,
400 757 472 790 Nos
491 758 547 788 hec
565 757 635 787 serio
654 756 858 792 perpendentes
873 779 882 793 ,
908 757 941 786 &
961 754 1106 785 Memoria
1124 754 1219 786 nostra

157 796 314 827 recolentes
340 804 441 834 quanta
466 796 612 827 Fidelitate
639 793 792 824 Prudentia
816 794 964 825 Gravitate
989 794 1022 824 ὅ(
1049 793 1188 824 Industria
1210 815 1220 830 ,

156 834 328 872 predileetus
345 836 380 866 δε
397 844 531 874 perquam
551 834 638 864 fidelis
655 831 892 871 Consanguineus
911 834 943 863 &
960 831 1152 863 Conciliarius
1167 842 1220 862 no-

159 872 232 910 ster,
252 876 388 904 Henricus
404 875 573 911 Mountague
593 871 680 901 Miles
698 875 774 901 Baro
793 871 949 901 Kimbolton
967 871 999 900 de
1014 870 1173 901 Kimbolton
1189 871 1220 899 in

160 910 311 942 Comitatu
331 911 430 942 nostro
449 914 653 947 Huntingtonie
667 932 677 948 ,
710 913 738 940 V
740 914 859 940 icecomes
877 909 1051 940 Mandeville
1094 910 1131 940 ab
1149 909 1220 939 anti-

158 960 215 988 qua
236 951 268 981 ὃ(
289 950 439 980 clariffima
458 953 701 980 Mountacutorum
719 948 836 978 Familia
856 957 1026 986 prognatus,
1045 932 1072 978 se
1091 947 1220 989 gesserit,

183 989 278 1019 uando
294 988 344 1018 sub
363 988 526 1020 feliciffimo
547 988 702 1028 Regimine
720 986 810 1017 Patris
828 987 918 1017 nostri
931 997 979 1024 per
989 987 1221 1026 Qiadriennium

197 1027 277 1058 fficio
295 1028 419 1065 capitalis
431 1027 582 1066 Justiciarii
600 1028 658 1064 sui,
672 1027 704 1057 &
723 1025 820 1063 postea
841 1027 935 1064 magni
955 1025 1132 1055 Thesaurarii
1152 1025 1219 1053 An-

154 1064 208 1102 glie
225 1065 295 1096 loco
312 1066 476 1106 fungeretur
490 1078 501 1105 3
530 1067 708 1096 observantes
727 1066 814 1094 etiam
833 1073 934 1101 quanta
953 1063 1076 1093 Morum
1093 1062 1222 1093 Suavita-

158 1112 204 1143 te,
223 1111 344 1144 quantaq
359 1115 383 1135 ie
399 1105 551 1136 Prudentia
567 1106 600 1135 &
620 1103 774 1142 Diligentia
791 1102 870 1132 dieto
897 1102 974 1132 Patri
996 1100 1096 1144 nos’tro
1114 1110 1148 1131 ac
1167 1109 1223 1143 1107

156 1142 201 1172 bis
219 1143 366 1174 inservivit
384 1154 398 1173 a
416 1152 548 1181 tempore
566 1153 624 1181 quo
644 1141 789 1173 Prelidens
808 1139 934 1170 Concilii
952 1140 1117 1170 Secretioris
1134 1137 1223 1168 nostri

158 1180 266 1221 fuerit,
291 1181 406 1220 Justum
427 1184 461 1214 ὃς
480 1182 596 1220 Equum
613 1182 669 1212 elle
687 1180 820 1210 duximus
835 1201 844 1215 ,
870 1186 901 1208 ut
920 1187 970 1208 nos
987 1179 1073 1208 etiarn
1093 1177 1163 1207 Viro
1182 1177 1214 1220 ὃς

162 1221 247 1250 nobis
264 1221 296 1251 &
318 1220 491 1258 Reipublice
511 1220 606 1251 nostre
623 1228 683 1250 tam
701 1220 776 1248 bene
795 1218 812 1235 ⁴*
833 1218 953 1247 merenti
970 1216 1074 1256 aliquid
1093 1215 1225 1246 Honoris

161 1260 386 1290 accumulemus.

200 1298 301 1328 Sciatis
319 1299 411 1335 igitur
430 1296 509 1337 quod
526 1306 596 1334 nos,
612 1295 649 1325 de
668 1293 770 1325 Gratia
789 1293 884 1324 nostra
903 1292 1029 1335 speciali,
1048 1303 1081 1324 ac
1097 1302 1131 1323 ex
1146 1300 1222 1323 certa

163 1335 289 1368 Scientia
307 1337 340 1367 &
365 1347 446 1366 mero
463 1344 546 1366 motu
567 1333 686 1371 nostris,
713 1332 854 1370 prefatum
880 1335 1029 1362 Henricum
1055 1335 1226 1369 Mountague

162 1375 284 1405 Militem
301 1379 438 1404 Baronem
450 1373 612 1403 Kimbolton
625 1373 657 1402 de
671 1370 831 1401 Kimbolton
846 1371 972 1408 predista
990 1372 1031 1403 δί.
1042 1374 1224 1401 Vicecomitem

164 1412 357 1450 Mandaville,
375 1412 411 1442 ad
430 1412 542 1442 Statum
560 1411 693 1449 Gradum
712 1410 890 1449 Dignitatem
911 1410 943 1440 δε
964 1409 1118 1440 Honorem
1138 1412 1225 1439 Comi-

164 1455 202 1482 tis
216 1453 248 1481 de
269 1450 444 1489 Manchester
459 1451 489 1480 in
510 1449 660 1480 Comitatu
680 1448 779 1479 nostro
806 1448 969 1486 Lancastrie
997 1448 1136 1478 ereximus
1160 1451 1222 1487 pre·

163 1491 289 1520 fecimus
304 1490 337 1519 &
356 1489 532 1526 creavimus,
553 1489 701 1526 ipsumque
719 1490 867 1517 Henricum
887 1491 1015 1517 Comitem
1038 1487 1070 1516 de
1092 1485 1226 1516 Manciae-

154 1527 215 1568 ster
235 1527 362 1566 predicta
379 1529 516 1564 erigimus
532 1526 693 1565 preficimus
706 1528 739 1557 δε
758 1536 886 1556 creamus
900 1536 950 1563 per
974 1526 1115 1557 Presentes
1136 1537 1144 1563 3
1176 1525 1224 1554 Ei·

161 1565 284 1605 demque
303 1568 421 1596 Henrico
439 1565 566 1597 Nomen
585 1565 699 1596 Statum
719 1564 850 1594 Graiium
865 1565 968 1595 Stilum
983 1563 1226 1603 DignitatemTi-

160 1605 254 1635 tulum
274 1606 307 1636 ὃς
327 1604 482 1635 Honorem
501 1607 614 1634 Comitis
629 1604 660 1633 de
678 1602 854 1642 Manchester
875 1603 1018 1642 predi5ta,
1041 1603 1227 1639 imposuimus

162 1644 292 1674 dedimus
311 1644 343 1673 &
362 1645 527 1682 prebuimus
544 1666 553 1681 ,
592 1652 625 1673 ac
644 1652 692 1680 per
711 1642 854 1672 Presentes
871 1643 1048 1679 imponimus
1072 1643 1175 1671 damus
1193 1642 1225 1671 ὃς

161 1684 331 1720 prebemus,
350 1692 383 1713 ac
401 1681 493 1720 ipsum
510 1683 659 1711 Henricum
678 1681 839 1719 hujusmodi
867 1680 1004 1713 Nomine
1022 1680 1101 1710 Statu
1126 1681 1227 1710 Titulo

165 1721 266 1752 Gradu
285 1721 360 1751 Stilo
386 1719 536 1759 Dignitate
554 1721 587 1751 St
605 1719 732 1750 Honore
751 1722 862 1748 Comitis
885 1719 916 1748 de
939 1718 1109 1758 Manchester
1132 1718 1227 1755 predi-

164 1760 230 1797 ἀεὶ,
241 1769 291 1800 per
304 1758 402 1788 Gladii
416 1760 584 1797 cinlluram,
601 1762 671 1798 Cape
690 1760 808 1787 Honoris
829 1758 861 1788 &
885 1757 984 1787 circuli
1006 1760 1097 1788 Aurei
1117 1756 1227 1794 Impost—

164 1801 265 1829 tionem
282 1823 292 1837 ,
330 1799 495 1836 inlignimus
520 1797 685 1829 investimus
703 1797 736 1828 &
755 1797 861 1827 realiter
880 1795 1063 1827 nobilitamus
1086 1804 1135 1834 per
1155 1795 1225 1825 Pre-

162 1838 263 1869 sentes.

202 1877 379 1908 Habendum
395 1877 428 1908 δε
445 1875 600 1908 tenendum
619 1875 748 1906 Nomen
766 1873 877 1906 Statum
896 1873 1028 1906 Gradum
1047 1874 1150 1906 Stilum
1169 1873 1227 1905 Di-

163 1918 301 1955 gnitatem
319 1916 452 1946 Titulum
470 1917 504 1947 ὃς
522 1914 676 1945 Honorem
704 1917 817 1944 Comitis
835 1914 866 1943 de
891 1914 1061 1954 Manchester
1084 1914 1228 1953 predicta,

163 1964 236 1986 cum
261 1955 397 1985 omnibus
421 1955 454 1985 &
479 1954 593 1990 fingulis
617 1953 854 1984 Preheminentiis
878 1952 1048 1984 Honoribus
1073 1953 1227 1990 ceterisque

166 1994 330 2032 hujusmodi
347 1993 477 2024 Nomini
496 1992 587 2023 Statui
608 1991 720 2022 Gradui
740 1991 814 2022 Stilo
833 1991 973 2031 Dignitati
990 1991 1093 2023 Titulo
1111 1993 1144 2023 &
1161 1991 1229 2022 Ho-

166 2035 234 2063 nori
256 2032 383 2062 Comitis
406 2032 610 2070 pertinentibus
637 2031 695 2061 sive
717 2030 906 2070 spectantibus
923 2055 932 2069 ,
970 2030 1082 2069 prefato
1108 2033 1225 2061 Henrico

166 2071 203 2102 &
234 2070 397 2102 Heredibus
429 2069 562 2101 Masculis
586 2068 623 2100 de
656 2068 792 2108 Corpore
817 2069 866 2100 suo
897 2070 1062 2102 exeuntibus
1089 2071 1229 2109 imperpe-

165 2117 259 2141 tuum.

163 2167 166 2170 -
206 2149 359 2188 Volentes,
384 2149 418 2180 δε
442 2157 491 2187 per
510 2147 654 2179 Presentes
671 2147 864 2179 concedentes
888 2158 943 2186 pro
967 2148 1051 2179 nobis
1069 2146 1231 2179 Heredibus

164 2187 199 2218 &
219 2187 452 2225 Succefforibus‚
478 2187 556 2226 quod
581 2187 723 2226 predictus
749 2190 884 2216 Henricus
902 2189 935 2219 ὃς
954 2187 1078 2217 Heredes
1102 2187 1140 2218 sui
1161 2186 1229 2217 Ma-

164 2225 235 2256 sculi
253 2226 524 2264 predi&i,Nomen
541 2225 652 2257 Statum
669 2224 803 2265 Gradum
821 2225 925 2256 Stilum
943 2225 1125 2265 Dignitatem
1143 2225 1228 2255 Titu-

167 2263 229 2294 lum
246 2266 279 2296 &
295 2264 450 2295 Honorem
463 2264 589 2304 predicita
602 2263 756 2295 succeffive
771 2272 868 2303 gerant
883 2266 916 2295 &
932 2265 1073 2302 habeant,
1086 2265 1229 2295 &eorum

166 2303 288 2341 quilibet
306 2312 383 2343 gerat
400 2304 434 2335 &
453 2303 573 2341 habeat,
596 2304 630 2334 ὃ(
645 2313 695 2343 per
719 2303 846 2334 Nomen
868 2307 978 2333 Comitis
1000 2303 1032 2333 de
1056 2302 1229 2342 Manchester

166 2342 293 2380 predicta
312 2343 475 2373 vocitentur
491 2342 524 2372 &
542 2348 764 2379 nuncupentur,
781 2342 814 2372 &
831 2351 931 2372 eorum
950 2342 1070 2380 quilibet
1086 2342 1230 2372 vocitetur

166 2381 202 2411 &
210 2389 389 2417 nuncupetur
396 2403 405 2419 ,
414 2380 452 2410 Et
461 2380 539 2418 quod
547 2380 624 2410 idem
632 2383 767 2409 Henricus
774 2380 806 2410 &
816 2380 941 2410 Heredes
949 2380 989 2411 sui
999 2378 1121 2411 Masculi
1138 2380 1231 2419 predi-

167 2418 208 2448 eti
217 2418 370 2449 succcffive
378 2428 407 2449 ut
415 2422 528 2450 Comites
535 2419 567 2448 a'e
576 2418 748 2458 manchester
756 2418 883 2458 preditfim
891 2420 919 2448 in
928 2419 1063 2449 omnibus
1071 2427 1229 2457 teneantur,

164 2457 199 2487 &
208 2466 236 2488 ut
244 2456 538 2488 Comitestmecentur
547 2458 580 2488 ὃ(
587 2466 761 2497 reputentur,
768 2459 801 2489 &
811 2463 908 2487 eorum
919 2458 1037 2494 quilibet
1045 2465 1169 2488 teneatut
1175 2466 1231 2488 tra-

165 2496 258 2526 eretur
274 2497 307 2527 ὅ(
321 2504 480 2534 reputetur,
498 2497 676 2534 habeantque
691 2504 803 2526 teneant
820 2496 853 2526 &
869 2496 1025 2533 poffideant
1050 2495 1142 2526 dietus
1154 2498 1233 2525 Hen-

167 2538 236 2564 ricus
251 2536 285 2566 ὅ(
302 2534 431 2565 Heredes
448 2534 488 2565 sui
504 2534 630 2565 Masculi
650 2534 790 2573 predicti,
816 2535 850 2565 δε
866 2544 967 2565 eorum
986 2535 1107 2572 quilibet
1127 2535 1230 2565 habeat

166 2581 262 2604 teneat
281 2575 315 2605 &
335 2573 492 2614 poffideat‚
525 2572 630 2604 Sedem
660 2572 775 2603 Locum
801 2573 835 2603 &
854 2572 970 2603 Vocem
991 2575 1020 2603 in
1039 2573 1232 2604 Parliamentis

167 2613 201 2643 ὅ(
221 2613 341 2650 publicis
361 2611 500 2642 Comitiis
516 2620 599 2650 atque
615 2611 750 2641 Consiliis
768 2611 871 2642 nostris
890 2611 1042 2642 Heredum
1061 2612 1094 2642 δε
1113 2612 1232 2642 Succes—

165 2651 263 2682 sorum
282 2651 446 2681 nostrorum
465 2650 538 2681 infra
554 2651 694 2688 Regnum
714 2649 846 2680 nostrum
864 2650 985 2689 Anglie,
1004 2653 1076 2681 inter
1091 2649 1232 2681 aliosCo-

167 2691 251 2721 mites
268 2698 300 2720 ut
318 2694 407 2720 Comes
423 2691 455 2719 de
474 2688 649 2729 Manchiste'r
673 2688 817 2728 predico,
842 2699 959 2720 necnon
984 2689 1076 2720 ditstus
1098 2691 1231 2718 Henricus

166 2730 201 2760 ὃς
220 2728 350 2759 Heredes
367 2728 407 2758 sui
429 2728 550 2759 Masculi
567 2728 687 2768 predicti
706 2728 845 2765 gaudeant
863 2730 896 2759 ὃς
915 2736 1044 2766 utantur,
1070 2728 1103 2758 ὃ(
1130 2737 1231 2758 eorum

168 2768 287 2805 quilibet
303 2767 420 2806 gaudeat
438 2767 471 2798 &
489 2776 582 2798 utatur
600 2791 610 2806 ,
647 2776 698 2805 per
722 2766 844 2797 Nomen
864 2770 976 2797 Comitis
1001 2767 1033 2796 de
1058 2766 1232 2806 Manthcster

168 2806 310 2844 predicta,
327 2806 463 2836 omnibus
481 2806 514 2836 &
535 2806 649 2841 singulis
664 2805 778 2844 Juribus
805 2806 965 2843 Privilcgiis
991 2805 1231 2836 Preheminentiis

168 2845 203 2875 &
220 2845 455 2876 Immunitatibus
473 2844 561 2875 Statui
580 2844 757 2875 Honoribus
772 2846 806 2877 δε
825 2844 967 2884 Dignitati
981 2843 1108 2875 Comitis
1125 2845 1154 2873 in
1162 2853 1232 2873 om-

168 2883 253 2913 nibus
271 2885 324 2914 rite
341 2885 375 2915 &
394 2883 432 2913 de
447 2883 515 2920 Jure
535 2884 759 2921 pertinentibus,
778 2884 880 2923 quibus
899 2883 985 2914 ceteri
1002 2881 1133 2913 Comites
1158 2883 1231 2912 dieti

169 2919 268 2960 Regni
285 2921 374 2953 nostri
393 2921 497 2959 Anglie
515 2930 580 2952 ante
598 2922 655 2952 hec
676 2930 806 2959 tempora
826 2922 926 2952 melius
945 2922 1092 2951 decentius
1108 2921 1231 2952 honori-

165 2957 295 3029 gccentius
313 2962 346 2992 δε
365 2961 485 2999 quietius
502 2961 541 2991 usi
560 2962 593 2992 δε
611 2960 696 2999 gavisi
715 2959 899 2998 fuerunt,seu
918 2962 948 2990 in
957 2959 1082 2991 Presenti
1089 2960 1230 2999 gaudeant

220 3006 341 3029 utantur.
1151 3027 1158 3032 ‚

206 3035 245 3066 Et
264 3037 327 3075 quia
351 3060 361 3076 ,
397 3038 539 3069 crescente
558 3037 653 3069 Status
668 3036 799 3068 Honoris
817 3038 850 3069 &
870 3037 1028 3077 Dignitatis
1047 3037 1228 3076 celsitudine,

167 3075 324 3106 neceffario
348 3076 480 3107 crescunt
505 3077 642 3115 Sumptus
668 3077 702 3108 &
728 3075 825 3107 Onera
848 3077 1018 3114 grandiora,
1044 3077 1077 3107 &
1102 3086 1131 3107 ut
1150 3077 1228 3107 idem

166 3116 301 3143 Henricus
327 3115 361 3145 &
388 3113 516 3145 Heredes
541 3114 582 3145 sui
611 3114 734 3145 Masculi
761 3116 881 3153 prediciti
911 3115 1011 3146 melius
1028 3115 1175 3147 decentius
1194 3116 1228 3146 «Sc

165 3151 401 3183 honorificentius
421 3153 533 3184 Statum
550 3153 702 3183 Honorem
718 3153 752 3183 &
767 3153 946 3191 Dignitatem
967 3154 1092 3192 predi6ta
1118 3157 1230 3184 Comitir

164 3191 198 3219 de
217 3190 389 3230 Manchqster
429 3191 552 3229 redista,
565 3201 599 3222 ac
618 3191 716 3222 Onera
735 3192 784 3229 ipsi
801 3196 921 3223 Henrico
939 3195 973 3224 &
994 3193 1157 3224 Heredibus
1176 3193 1229 3223 suis

162 3228 300 3260 Masculis
317 3230 396 3267 predi
430 3231 451 3260 is
469 3230 872 3268 incumbentia,manutenere
888 3232 923 3263 ὃς
939 3232 1102 3272 supportare
1111 3232 1229 3269 valeant,

164 3268 199 3299 &
218 3277 322 3298 eorum
335 3269 453 3306 quilibet
469 3269 575 3307 valeat,

203 3306 293 3344 Ideo,
309 3304 345 3335 de
359 3307 482 3337 uberiori
499 3306 600 3339 Gratia
622 3306 735 3347 nostra,
753 3308 883 3340 dedimus
904 3310 938 3340 &
959 3310 1168 3348 concessimus,
1191 3319 1226 3340 ac

164 3354 216 3385 per
230 3343 376 3387 Presentes
389 3354 443 3381 pro
456 3345 540 3376 nobis
555 3346 716 3377 Heredibus
732 3348 766 3379 &
779 3347 996 3379 Successoribus
1008 3349 1109 3379 nostris
1124 3349 1224 3379 damus

164 3385 199 3415 &
217 3382 407 3415 concedimus
418 3404 428 3420 ,
445 3383 554 3420 prefato
572 3387 691 3415 Henrico
707 3387 741 3418 ὃς
757 3385 920 3417 Heredibus
935 3385 987 3417 suis
1005 3386 1139 3418 Masculis
1159 3396 1223 3425 pre-

163 3422 249 3453 dictis
269 3423 497 3464 imperpetuum,
523 3422 654 3454 Feodum
676 3424 731 3455 five
751 3425 903 3456 annualem
929 3425 1088 3457 Redditum
1117 3430 1222 3463 viginti

159 3461 312 3492 Librarum
326 3459 423 3496 legalis
439 3458 561 3502 Monete
575 3461 677 3499 Anglie
690 3473 737 3503 per
754 3466 888 3502 Annum,
912 3464 1078 3495 habendum
1098 3465 1131 3495 &
1155 3475 1220 3503 per-

161 3500 328 3539 cipiendum
349 3505 495 3541 annuatim
517 3497 629 3529 dietum
650 3500 780 3532 Feodum
799 3502 855 3533 five
878 3505 1029 3534 annualem
1056 3503 1218 3534 Redditutn

158 3541 262 3577 viginti
278 3537 428 3568 Librarum
441 3535 536 3566 eldem
547 3538 668 3581 Henrico
683 3540 716 3570 &
739 3540 900 3571 Heredibus
921 3541 971 3571 suis
996 3541 1132 3572 Masculis
1153 3552 1218 3579 pre-

158 3577 259 3615 dietis,
283 3576 318 3608 ad
343 3576 504 3613 Receptam
526 3574 668 3605 Scaccarii
690 3578 778 3608 nostri
792 3578 944 3610 Heredum
967 3580 1217 3612 &Succefforum

160 3615 346 3653 nostrorum,
364 3624 413 3652 per
431 3612 539 3643 Manus
558 3612 736 3645 Thesaurarii
750 3616 966 3648 Subthelaurarii
987 3620 1021 3650 &
1036 3617 1217 3649 Camerario-

161 3664 228 3685 rum
242 3653 406 3684 nostrorum
418 3651 528 3688 ibidem
543 3660 596 3689 pro
609 3659 740 3689 tempore
756 3655 933 3687 existentium
944 3679 953 3694 ‚
969 3657 1003 3687 ad
1018 3655 1099 3688 Festa
1116 3657 1218 3697 Pasche

161 3694 195 3725 &c
211 3693 308 3723 SanHi
325 3690 470 3721 Michaelis
481 3687 650 3726 Archangeli
665 3699 715 3726 per
728 3693 836 3728 equales
855 3695 1015 3725 Portiones.

198 3730 343 3761 Volumus
355 3731 461 3768 etiarn,
477 3729 539 3760 &c.
575 3727 690 3772 'Absque
705 3727 777 3760 Fine
796 3730 825 3761 in
838 3731 1001 3771 Hanaperio
1011 3756 1020 3772 ‚
1038 3733 1099 3766 &cſs

196 3767 244 3799 Eo
258 3768 336 3806 quod
349 3768 476 3807 expreffa
491 3776 602 3799 mentio
610 3789 621 3805 ,
639 3767 700 3798 δαὶ.

198 3814 234 3847 In
249 3817 328 3857 cujus
342 3818 400 3855 rei,
419 3817 480 3848 διε.

198 3872 290 3905 Teste
302 3873 387 3915 Rege
400 3875 476 3917 apud
489 3872 763 3915 Wstmonasterium,
779 3875 876 3914 quinto
897 3875 940 3905 die
961 3878 1110 3910 Februarii.

651 3934 705 3962 Per
723 3935 817 3965 Breve
833 3935 866 3965 de
879 3937 1000 3966 Privata
1010 3939 1109 3977 Sigillm

189 3994 264 4038 Tom.
283 3994 369 4025 VIII.
388 3994 420 4024 P.
439 3995 465 4025 1.

1236 55 1739 110 PUBLICA,

2227 70 2300 113 zoi

922 196 926 197 ⁷
2337 185 2467 217 Ann.D.

154 241 203 273 De
227 240 396 285 Concffom
410 241 470 286 fibi
492 244 529 280 ὠ,
552 238 720 274 Heredibm
744 241 875 272 ffinrt'co
909 239 1086 272 Vicecomiti
1111 233 1212 271 Mah-
1253 229 1281 256 ᾖ
1308 233 1365 277 ζΙὶε
1399 233 1571 276 Conceffio‘ne
1594 234 1657 278 sibi
1686 239 1723 274 ὥ·
1755 239 1926 273 Heredibus
1947 239 2066 288 Jacobo
2100 243 2231 274 Domino
2255 244 2311 289 [ἦν
2330 225 2444 288 A¹6²5'

2357 273 2381 290 72.
2401 272 2427 292 1-

1298 282 1428 313 Domino
1451 281 1654 326 Thefitu'rarib
1679 309 1690 325 ,
1739 284 1774 317 de
1797 288 1956 333 Dignitatc
1978 289 2102 329 Comitis,
2124 288 2160 321 de
2187 291 2310 323 Marse-
2327 304 2423 331 Cam.

1295 324 1405 376 burgh.

1256 411 1312 466 R

1253 489 1327 519 beris
1340 488 1532 526 Hominibus,
1550 500 1583 519 ac

1254 528 1315 594 {iris
1333 528 1545 572 quibuscunque
1564 549 1574 565 ,
1608 529 1643 558 ad
1663 539 1732 566 quos
1750 529 1893 562 Presentes

1266 574 1356 596 utem.

1293 603 1440 644 Celsitudo
1455 604 1531 645 regia
1546 604 1576 634 in
1592 603 1683 634 nihilo
1698 605 1834 637 clucescit
1849 610 1937 647 magis
1946 620 2049 649 ,quam
2069 623 2136 646 cum
2153 617 2214 647 Viri
2250 617 2316 647 Vir-

1252 640 1370 686 tutibus.
1392 638 1667 686 precellentesaliis‚
1685 644 1719 674 ὃς
1740 644 1777 674 de
1792 644 1874 684 Rege
1894 650 1927 678 ὅς
1945 644 2048 686 Regno
2065 656 2172 690 Optime
2197 641 2290 685 m’emi

1255 680 1423 711 Honoribus
1440 680 1555 711 Meritis
1568 685 1621 711 iuis
1632 682 1786 718 condignis
1802 684 2010 725 inligniuntur3
2039 688 2106 718 Nos
2129 693 2212 728 igitur
2246 677 2316 724 Me3

1256 719 1347 762 moria
1362 719 1519 749 recolentes
1533 719 1777 762 Servitiatoptima
1787 723 1820 752 ὃς
1839 724 1965 754 maxime
1976 729 2175 766 acceptabilia,
2191 717 2243 770 qu’e
2253 742 2318 769 pre-

1255 757 1373 788 dilectus
1385 759 1419 789 ὃς
1434 767 1571 795 perquam
1588 757 1675 787 fidelis
1690 758 1873 790 Consiliarius
1886 761 2001 800 noster,
2019 764 2141 801 Jacolms
2159 771 2215 806 Ley
2232 770 2317 800 Miles

1256 797 1289 827 ὃ(
1310 795 1493 840 ,Βᾳι-οηεῑῑυε,
1518 798 1595 839 Baro
1619 798 1678 835 Ley
1698 801 1730 826 de
1753 801 1830 838 Ley,
1848 800 1959 830 summa
1981 800 2132 834 Prudentia
2156 804 2316 843 integritate

1257 834 1405 865 Gravitate
1421 834 1454 864 ὅτ
1468 833 1612 877 Industria·
1623 844 1695 872 pene
1710 837 1882 874 incredibili,
1901 839 1933 868 δε
1950 838 2026 870 Patri
2042 840 2139 872 nostro
2157 843 2235 875 beate
2252 846 2319 876 Me-

1257 873 1368 916 morie,
1383 873 1516 917 &nobis
1530 872 1668 916 prestitit,
1688 875 1787 905 tamin
1804 878 1894 912 Regno
1909 877 2058 916 Hiber-nie,
2077 881 2127 910 ubi
2142 880 2254 913 Officio
2270 895 2318 914 ca-

1258 911 1346 948 pitalis
1358 911 1513 949 JustiCiarii
1528 912 1652 949 ibidem,
1671 912 1704 942 δε
1720 913 1806 944 Loco
1822 914 1983 945 Confiliarii
1997 917 2032 948 ad
2049 919 2159 950 Arcana
2174 921 2205 950 &
2228 922 2320 959 supre-

1912 534 2006 566 Litere
2026 542 2203 574 pervenerint
2221 563 2232 579 ,
2265 540 2317 571 Sa-

1323 411 1406 456 EX,
1424 413 1488 456 &ct
1506 398 1892 459 'AreliiepiscopisDucibus
1910 420 2127 455 Marchionibus
2140 424 2306 456 comitibus
2324 420 2379 443 Pat.
2401 427 2422 451 ¹.

1333 450 1566 481 Vicecomitibus
1583 452 1730 496 hpilcopis
1752 455 1907 500 Batonibus
1928 459 2066 492 Militibus
2086 463 2236 501 Prepositis
2257 463 2307 492 Li·
2320 459 2382 483 Car.
2401 465 2408 482 ¹
2426 460 2435 486 ἓ
2446 462 2471 494 ξι

1598 493 1737 521 omnibus
1751 493 1906 525 Olbciariis
1922 496 2058 529 Ministris
2073 502 2105 531 ὃς
2121 502 2245 533 Subditis
2253 511 2310 533 no-
2331 503 2356 529 7-
2367 503 2393 521 ”-
2407 504 2448 530 ¹7-

2327 339 2468 371 *XVIIL

2363 378 2428 417 239·

1258 958 1305 978 ma
1320 949 1451 988 Negotia
1465 950 1589 987 ejusaem
1607 949 1704 986 Regni
1719 952 1879 990 traetanda,
1905 952 2014 985 summa
2032 964 2102 987 cuin
2122 957 2268 990 Prudentia
2285 963 2318 992 &
2365 960 2367 962 ’
2408 962 2410 965 ’
2463 954 2470 991 ἶ

1256 986 1418 1032 Integritate
1439 989 1622 1032 fungebatur,
1645 998 1732 1027 quam
1753 990 1835 1020 dieto
1859 991 1936 1022 Patri
1960 993 2059 1024 nostro
2080 997 2108 1027 in
2136 997 2193 1027 hoc
2212 998 2320 1035 Regno

1259 1026 1362 1061 Anglie
1377 1036 1406 1056 in
1422 1025 1511 1056 Curia
1530 1027 1706 1057 Wardorum
1721 1029 1754 1058 &
1773 1029 1988 1061 Liberationum
2013 1033 2081 1063 dit-ti
2107 1033 2195 1065 Patris
2216 1038 2301 1068 nostri

1261 1064 1295 1095 ὃ(
1312 1072 1342 1107 ut
1357 1063 1653 1109 Capitalis-justiciarii
1670 1066 1704 1096 ad
1721 1067 1822 1105 placita
1838 1078 1937 1098 coram
1953 1070 2013 1107 ipso
2031 1070 2115 1109 Rege
2129 1076 2248 1106 tenenda
2286 1060 2320 1107 &²

1260 1103 1346 1132 nobis
1361 1111 1452 1147 etiam¹
1471 1104 1532 1133 Vita
1546 1103 1635 1134 Patris
1648 1104 1737 1134 nostri
1755 1107 1783 1135 in
1801 1105 1888 1137 Curia
1905 1108 2000 1139 nostra
2024 1110 2065 1139 W
2067 1111 2218 1151 ardorum,
2241 1099 2274 1146 δ’(
2290 1123 2321 1145 ut

1261 1149 1333 1170 unus
1355 1141 1597 1172 ConCiliariorum
1618 1142 1651 1172 &
1674 1144 2000 1178 Commiffionariorum
2023 1147 2246 1182 Reventionum
2268 1163 2323 1183 no-

1261 1178 1379 1225 strarum
1402 1181 1485 1222 nobis
1506 1180 1651 1218 prestitit,
1687 1182 1810 1220 denique
1831 1185 1861 1215 in
1884 1184 1997 1216 Officio
2020 1186 2124 1219 summi
2146 1189 2324 1222 Thesaurarii

1260 1217 1365 1261 Aaghe
1384 1240 1394 1256 ,
1426 1218 1535 1262 justum
1554 1219 1587 1249 &
1606 1229 1710 1257 equum
1729 1222 1786 1251 esse
1805 1222 1938 1254 dutimus
1957 1247 1967 1262 ,
2005 1234 2034 1255 ut
2055 1228 2140 1258 talem
2158 1230 2191 1260 &
2210 1238 2320 1260 tanturn

1262 1255 1364 1300 §lirum
1380 1279 1389 1294 ,
1426 1265 1499 1287 inter
1515 1256 1681 1301 clariffitnos
1701 1258 1800 1297 Regni
1822 1261 1910 1291 nostri
1929 1262 2065 1294 Proceres
2090 1268 2123 1297 &
2145 1267 2294 1307 Magnates
2317 1277 2320 1279 ’

1261 1304 1290 1324 in
1309 1303 1476 1364 pgrpetuam
1495 1295 1639 1328 Virtutum
1657 1296 1769 1328 suarum
1790 1298 1967 1331 Memoriam
1987 1303 2061 1340 apud
2086 1304 2213 1343 posteros
2232 1291 2322 1348 erige3

1261 1343 1324 1364 rem
1346 1344 1366 1364 s.
2265 1348 2269 1352 ⁴

1299 1374 1399 1417 Sciatis
1414 1374 1502 1410 igitur
1518 1374 1598 1412 quod
1613 1384 1664 1406 nos
1669 1396 1680 1412 ,
1701 1375 1736 1406 de
1755 1376 1856 1408 Gratia
1871 1377 1966 1409 nostra
1988 1379 2114 1420 speciali,
2133 1392 2167 1413 ac
2188 1392 2224 1414 est
2247 1393 2323 1416 certa

1262 1411 1388 1443 Seientia
1401 1414 1435 1444 &
1450 1422 1530 1443 mero
1546 1412 1635 1444 Motu
1651 1414 1767 1453 nostris,
1794 1417 1938 1453 prefatum
1958 1418 2096 1456 Jacobum
2113 1423 2172 1461 Ley
2195 1422 2325 1454 Militem

1263 1450 1511 1495 &Barronettum
1526 1452 1559 1481 ὅ(
1574 1454 1711 1482 Baranam
1727 1457 1786 1493 qu
1798 1457 1831 1484 de
1848 1459 1920 1494 Ley,
1941 1459 1973 1486 ad
1987 1458 2097 1489 Statum
2116 1461 2249 1492 Gradurn
2268 1462 2326 1492 Di*

1263 1497 1400 1527 gnitatem
1415 1490 1448 1521 &
1464 1489 1622 1520 Honorem
1639 1492 1750 1522 Comitis
1766 1494 1799 1523 de
1814 1495 1993 1532 Marfeburgh
2007 1498 2035 1526 in
2051 1498 2203 1530 Comitatu
2226 1501 2325 1532 nostro

1264 1527 1405 1574 Wilfefiss'a
1423 1530 1563 1558 ereximus
1579 1529 1752 1574 prefecimus
1767 1534 1800 1563 ὅ(
1817 1536 1992 1572 creavimus,
2019 1537 2167 1575 ipsumque
2187 1539 2326 1576 Jacobum

1263 1570 1393 1604 Comitem
1409 1567 1441 1595 de
1455 1567 1636 1611 Mariebuigh
1657 1569 1784 1605 predicta
1802 1573 1937 1611 erigimus
1962 1573 2121 1612 preficimus
2143 1577 2176 1607 &
2198 1582 2328 1611 creamus

1264 1611 1313 1649 per
1332 1600 1496 1650 PresenteS,
1509 1605 1661 1644 eidemque
1674 1608 1779 1644 Jocabo
1794 1609 1916 1642 Nomen
1940 1611 2049 1642 Statum
2074 1614 2205 1646 Gradum
2220 1617 2326 1649 Stilurn

1264 1644 1443 1688 Dignitatem
1456 1644 1591 1688 Titulum
1607 1648 1640 1676 ὃς
1655 1644 1811 1678 Honorem
1828 1653 1939 1679 Comitis
1953 1651 1985 1680 de
2001 1652 2181 1691 Marleburgh
2189 1657 2312 1692 predics-ta

1264 1686 1453 1719 impoluimus
1467 1682 1596 1713 dedimus
1611 1684 1644 1714 δε
1660 1686 1842 1727 prebuimus,
1866 1699 1901 1719 ac
1918 1699 1969 1726 per
1988 1689 2130 1722 Presentes
2145 1679 2325 1730 imponimus

1264 1721 1362 1765 dafnus
1376 1722 1409 1764 <St
1424 1721 1593 1767 prebemus,
1609 1731 1643 1751 ac
1660 1724 1751 1759 ipsum
1765 1725 1904 1761 Jacobum
1921 1727 2081 1766 hujusmodi
2097 1730 2230 1763 Nomine
2245 1733 2325 1764 Statu

1264 1759 1341 1803 Stilo·
1359 1758 1462 1789 Titulo
1483 1759 1584 1805 (Jradu
1607 1759 1733 1805 Honore
1754 1763 1788 1792 ὃς
1811 1763 1957 1804 Dignitate
1974 1771 2083 1797 Comitis
2097 1769 2128 1798 de
2146 1770 2324 1809 Mrzrleburgh

1265 1798 1408 1837 predicta,
1426 1806 1474 1841 per
1488 1796 1584 1842 Glaa'u
1599 1800 1759 1842 &asturam
1767 1823 1776 1839 ,
1793 1805 1862 1839 Cape
1870 1806 1990 1834 Honoris
2004 1805 2040 1840 ὠ
2051 1807 2148 1836 Circuli
2160 1812 2252 1839 Aurei
2267 1814 2325 1839 Im-

1257 1836 1433 1907 fofitionem‚
1451 1837 1617 1875 insignimus
1630 1838 1798 1870 investimus
1816 1842 1851 1873 δῖ
1866 1843 1974 1875 realiter
1989 1845 2172 1877 nobilitamus
2191 1858 2239 1885 per
2257 1849 2327 1881 Pre-

1273 1886 1357 1908 entes.

1299 1916 1478 1961 Habendum
1494 1916 1528 1948 ὃς
1542 1918 1698 1949 tenendum
1716 1917 1840 1951 Nomen
1857 1920 1967 1953 Statum
1984 1921 2119 1954 Gradum
2146 1923 2330 1963 Dignitatem

1266 1955 1368 2000 Stilum
1382 1956 1517 1987 Titulum
1533 1957 1566 1988 δε
1580 1956 1734 1988 Honorem
1744 1962 1857 1990 Comitis
1871 1962 1902 1990 a'e
1919 1960 2098 2000 Marleburgh
2113 1963 2328 2003 predicta,cum

1266 1995 1404 2039 omnibus
1418 1996 1452 2027 &
1467 1995 1578 2039 singulis
1591 1996 1833 2029 Preheminentiis
1847 1999 2018 2030 Honoribus
2033 2001 2188 2040 ceterisque
2197 2001 2329 2034 Nomini

1267 2033 1357 2078 statui
1374 2033 1487 2065 Gradui
1505 2035 1578 2065 Stilo
1591 2034 1692 2065 Tiiulo
1704 2035 1849 2074 Dignitati'
1863 2039 1897 2068 δε
1912 2038 2034 2068 Honori
2044 2039 2173 2070 Comitis
2187 2043 2331 2079 pertinen-

1267 2074 1341 2103 tibus
1357 2073 1414 2117 five
1428 2072 1635 2116 spectantibus,
1655 2075 1766 2111 prefato
1783 2076 1890 2114 Jacobo
1905 2077 1937 2107 ὃς
1962 2077 2121 2108 Heredibus
2144 2078 2278 2110 Masculis
2295 2081 2332 2111 de

1270 2110 1456 2149 Corporibus
1470 2112 1541 2142 dicti
1552 2111 1658 2149 Jacobi
1672 2113 1705 2143 ὃ(
1721 2117 1840 2144 Domine
1852 2115 1935 2153 June
1952 2116 2043 2146 modo
2058 2116 2171 2147 Uxoris
2191 2120 2249 2156 ejus
2264 2121 2332 2156 pro*-

1269 2152 1368 2194 creatis
1386 2151 1419 2181 &
1435 2151 1616 2194 procreandis
1629 2173 1637 2187 ,
1653 2151 1686 2181 &
1701 2162 1754 2189 pro
1767 2152 1883 2185 defectu
1898 2154 1958 2184 talis
1970 2154 2067 2185 Exitus
2085 2155 2246 2187 Heredibus
2260 2157 2331 2190 Ma-

1265 2189 1348 2219 sculis
1366 2188 1402 2219 de
1415 2189 1547 2226 Corpore
1562 2189 1633 2219 dieti
1647 2188 1751 2227 Jacobi
1765 2193 1931 2224 exeuntibus
1944 2193 2126 2230 impertuum.

1307 2227 1460 2265 Volentes,
1474 2238 1510 2272 ¹ac
1527 2237 1577 2267 per
1590 2227 1734 2260 Presentes
1751 2231 1962 2268 concedentem,
1989 2242 2040 2270 pro
2063 2232 2145 2262 nobis
2166 2233 2331 2266 Heredibus

1269 2266 1302 2296 &
1318 2266 1533 2297 Successoribus
1548 2266 1664 2304 nostris,
1675 2268 1752 2306 quod
1769 2269 1908 2305 premitus
1919 2270 2042 2308 Jacobus
2057 2271 2090 2301 &
2106 2270 2233 2302 Heredes
2252 2273 2330 2304 Mas-

1270 2305 1328 2335 culi
1352 2305 1388 2335 de
1412 2304 1594 2342 Corporibus
1616 2306 1760 2337 dictorum
1775 2307 1878 2345 Jacobi
1891 2310 1923 2340 ὃς
1939 2309 2020 2347 Jane
2042 2313 2183 2348 procreati
2202 2314 2234 2342 ἃ
2258 2322 2329 2349 pio-

1267 2343 1399 2380 creandi,
1417 2343 1450 2374 δε
1468 2353 1519 2381 pro
1534 2342 1647 2374 defectu
1666 2345 1725 2374 talis
1740 2345 1837 2376 Exitus
1850 2347 1975 2378 Heredes
1993 2347 2113 2378 Masculi
2136 2349 2173 2380 de
2196 2350 2330 2388 Corpore

1267 2382 1337 2413 dieti
1353 2382 1457 2422 Jacobi
1471 2392 1619 2420 exeuntes,
1645 2382 1769 2413 Nomen
1787 2385 1894 2416 Statum
1911 2386 2044 2416 Gradum
2067 2387 2170 2418 Stilum
2196 2389 2331 2427 Dignita—

1267 2429 1327 2451 tem
1341 2421 1474 2451 Titulum
1490 2422 1522 2451 ὃς
1539 2420 1695 2451 Honorem
1714 2423 1839 2459 pit-dieta
1855 2424 2006 2454 succeffive
2022 2434 2118 2463 gerant
2142 2427 2175 2457 &
2192 2427 2331 2466 habeant,

1267 2460 1300 2490 ὅ(
1316 2469 1416 2490 eorum
1428 2460 1547 2503 quilibet:
1562 2468 1638 2498 gerat
1655 2461 1686 2490 &
1703 2462 1859 2499 hibern&
1877 2473 1924 2501 per
1934 2463 2060 2494 Nomen
2075 2468 2187 2494 Comitis
2202 2466 2235 2495 de
2245 2470 2332 2496 Mar-

1266 2498 1378 2535 leburgh
1394 2498 1519 2536 predusta
1536 2498 1689 2529 succeffive
1712 2510 1872 2531 vocrrentur
1887 2503 1919 2532 δε
1941 2511 2159 2541 nuncupentur,
2174 2504 2208 2534 &
2229 2512 2333 2536 eorum

1271 2538 1389 2575 quilibet
1403 2538 1543 2579 vocitetur
1558 2538 1591 2567 &
1608 2547 1805 2577 nuncupetur,
1826 2539 1861 2570 Et
1887 2540 1962 2578 quod
1980 2541 2055 2571 idem
2073 2540 2197 2579 Jacobus
2215 2542 2249 2573 &
2269 2544 2333 2574 He-

1270 2576 1348 2606 redes
1366 2574 1489 2605 Masculi
1502 2575 1538 2605 de
1554 2574 1732 2613 Corporibus
1746 2577 1890 2608 duftorum
1907 2578 2009 2616 Jacobi
2034 2580 2066 2610 δε
2086 2579 2168 2617 June
2190 2584 2332 2618 procreati

1271 2615 1305 2646 &
1320 2614 1489 2658 procreandi
1495 2614 1544 2651 ,&
1562 2623 1614 2650 pro
1630 2614 1744 2646 defectu
1761 2617 1819 2646 talis
1833 2616 1929 2647 Exitus
1943 2618 2071 2648 Heredes
2081 2617 2199 2650 Masculi
2209 2621 2243 2650 de
2252 2621 2332 2652 Cor-

1271 2663 1346 2696 pore
1365 2653 1436 2697 didti
1457 2652 1559 2696 Jacohi
1579 2662 1708 2683 exeuntes
1732 2654 1884 2685 succeliive
1906 2665 1935 2686 ut
1958 2659 2075 2685 Comites
2100 2657 2133 2686 d:
2148 2659 2329 2698 Marl'eburgh

1271 2691 1396 2729 prediola
1410 2701 1439 2721 in
1454 2692 1591 2721 omnibus
1605 2701 1765 2731 teneantur,
1784 2694 1816 2723 δε
1834 2703 1863 2724 ut
1878 2693 2009 2725 Comites
2024 2695 2178 2726 tractentur
2194 2699 2226 2728 ὃς
2251 2708 2334 2736 repu-

1270 2739 1378 2768 tentur,
1398 2729 1435 2760 Et
1448 2740 1547 2760 eorum
1565 2731 1683 2772 quilibet
1698 2740 1823 2762 teneatur
1838 2732 2009 2765 tractetur&
2027 2736 2333 2772 reputetur,hab2ant-

1271 2779 1325 2807 que
1340 2777 1451 2799 teneant
1467 2769 1500 2799 ὅ(
1515 2769 1671 2806 pollideant
1685 2769 1778 2800 dietus
1791 2770 1930 2809 Jacobus,
1949 2773 1982 2803 &e
2006 2772 2132 2803 Heredes
2156 2774 2277 2805 Masculi
2297 2777 2333 2806 de

1271 2808 1451 2845 Corporibus
1466 2807 1614 2849 <licitorum
1628 2807 1731 2846 Jacobi
1742 2811 1775 2839 ὃς
1788 2809 1868 2846 Jane
1886 2812 2029 2847 procreati
2046 2813 2079 2841 ἃ
2097 2814 2280 2851 procreandi,
2295 2815 2330 2844 ὃς

1271 2855 1323 2884 pro
1338 2846 1452 2876 defettu
1469 2846 1528 2876 talis
1542 2845 1640 2876 Exitus
1659 2846 1788 2877 Heredes
1806 2847 1927 2878 Masculi
1945 2848 1981 2878 de
1997 2848 2130 2886 Corpore
2148 2852 2328 2889 dictiJacoln·

1269 2894 1420 2922 exeuntes,
1449 2886 1482 2916 &
1508 2895 1606 2914 eorum
1630 2887 1748 2922 quilibet
1764 2887 1865 2917 habeat
1887 2889 2027 2919 teneat&
2045 2888 2197 2928 pullideat,
2223 2891 2327 2921 Sedem

1272 2924 1389 2954 Locum
1404 2926 1437 2955 &
1455 2924 1566 2955 Vocem
1582 2925 1612 2953 in
1629 2924 1823 2955 Parliamentis
1833 2927 1992 2964 &publicis
2008 2925 2145 2958 Comitiis
2153 2928 2333 2966 atqueCon—

1270 2963 1332 2992 filiis
1354 2963 1455 2992 nostris
1476 2962 1623 2992 Heredum
1647 2964 1680 2993 δε
1701 2963 1902 2994 Succellorum
1926 2963 2088 2995 nostrorum
2103 2967 2173 2997 infra
2194 2968 2326 3006 Regnum

1270 3001 1399 3031 nostrum
1417 3000 1540 3037 Anglie,
1557 3001 1627 3031 inter
1643 3002 1712 3031 alios
1728 3000 1875 3040 Comites,
1895 3011 1923 3033 ut
1938 3007 2028 3033 Comes
2043 3004 2074 3032 de
2090 3005 2287 3045 Marleburgh,
2309 3007 2328 3025 '¹‘

1270 3049 1387 3070 necnon
1402 3039 1494 3070 didius
1507 3039 1630 3077 Jacobus
1643 3039 1676 3070 &
1692 3039 1821 3071 Heredes
1835 3041 1957 3072 Malculi
1973 3042 2010 3072 de
2028 3041 2164 3079 Corpore
2181 3045 2325 3075 dictorum

1269 3078 1373 3116 Jacobi
1387 3078 1421 3108 &
1435 3078 1518 3116 Jane
1532 3079 1674 3121 procreati
1689 3080 1722 3109 &
1737 3080 1920 3118 procreandi,
1940 3081 1972 3111 δε
1990 3090 2041 3117 pro
2056 3081 2169 3113 defeetu
2187 3085 2244 3113 talis
2258 3083 2326 3113 Exi-

1269 3125 1312 3147 tus
1331 3116 1456 3147 Heredes
1478 3115 1600 3146 Malculi
1621 3116 1656 3147 de
1680 3116 1814 3154 Corpore
1829 3119 1951 3157 ejusdem
1968 3119 2073 3157 Jacobi
2087 3129 2230 3159 exeuntes,
2254 3130 2325 3159 giu-

1267 3155 1351 3186 deant
1366 3156 1399 3186 &
1415 3163 1541 3192 utantur,
1568 3156 1601 3186 δε
1615 3165 1716 3185 eorum
1732 3157 1852 3194 quilibet
1864 3158 1983 3195 gaudeat
2004 3159 2038 3189 ὃς
2060 3167 2163 3195 utatur,
2190 3169 2239 3196 per
2256 3160 2326 3190 No-

1269 3204 1336 3224 men
1353 3196 1466 3223 Comitis
1482 3195 1514 3223 de
1528 3192 1711 3231 Marleburgh
1727 3195 1871 3234 prediitQ
1890 3197 2026 3226 omnibus
2043 3196 2074 3225 δε
2091 3196 2196 3234 lingulis
2207 3197 2326 3235 Juribus

1267 3232 1425 3271 Privilegiis
1437 3232 1672 3263 Preheminentiis
1687 3233 1719 3264 δε
1734 3233 1964 3266 Immunitatibus
1981 3235 2067 3266 Statui
2083 3234 2196 3264 Honori
2219 3238 2251 3267 &
2268 3236 2326 3268 Di·-

1265 3273 1364 3310 gnitati
1380 3271 1505 3302 Comitis
1519 3271 1548 3300 in
1564 3272 1698 3301 omnibus
1713 3272 1764 3302 rite
1779 3274 1812 3304 &
1837 3273 1872 3304 de
1884 3273 1958 3341 [lure
1979 3273 2197 3312 pertinentibus,
2223 3276 2326 3312 quibus

1265 3311 1350 3340 ceteri
1367 3309 1499 3340 Comites
1508 3310 1577 3339 dicti
1597 3309 1799 3348 Regnimostri
1813 3315 1882 3349 Ang
1895 3316 1917 3341 ie
1933 3320 1995 3341 ante
2013 3312 2064 3340 hec
2078 3319 2206 3348 tempora
2223 3314 2322 3344 melius

1262 3349 1408 3379 decentius
1422 3348 1658 3379 honorificentius
1673 3350 1706 3380 ὃς
1725 3351 1843 3387 quietius
1859 3352 1896 3381 uli
1913 3351 1973 3380 sunt
1988 3349 2129 3387 &gaii-iii,
2147 3350 2191 3382 seu
2205 3352 2234 3382 in
2251 3353 2320 3383 Pre-

1261 3387 1333 3418 senti
1348 3387 1487 3425 gaudeant
1505 3388 1538 3417 &
1556 3396 1675 3417 utantur.

1296 3426 1334 3457 Et
1353 3427 1434 3465 quia,
1454 3426 1596 3457 crescente
1612 3426 1704 3457 Status
1719 3426 1851 3458 Honoris
1865 3428 1897 3458 &
1916 3426 2317 3466 Dignitatsscelfitudineme-

1256 3466 1378 3496 cessario
1393 3465 1525 3496 crescunt
1538 3464 1665 3502 sumptus
1685 3466 1719 3496 δε
1735 3466 1830 3496 Onera
1849 3464 2012 3502 grindiora,
2032 3464 2065 3494 ὃς
2086 3474 2117 3496 ut
2132 3466 2209 3497 idem
2228 3468 2318 3505 Jaco-

1257 3505 1307 3536 bsts
1331 3504 1363 3535 ὅ(
1389 3503 1517 3534 Heredes
1534 3503 1654 3534 Masculi
1676 3503 1712 3534 de
1729 3503 1908 3541 Corporibus
1922 3501 2040 3538 predicii
2063 3502 2166 3540 Jacobi
2186 3507 2219 3536 ὃς
2235 3506 2318 3544 June

1256 3544 1396 3583 procreati
1411 3544 1443 3574 &
1455 3541 1639 3580 procreandi,
1656 3543 1690 3574 ἃ
1703 3552 1756 3579 pro
1771 3542 1886 3572 defetstu
1901 3541 1960 3569 talis
1982 3539 2080 3571 Exitus
2103 3542 2226 3573 Heredes
2249 3545 2317 3576 Ma-

1256 3583 1326 3612 sculi
1341 3581 1377 3612 de
1392 3580 1525 3618 Corpore
1537 3580 1609 3611 dicti
1623 3581 1727 3619 Jacobi
1742 3590 1889 3616 exeunteS‚
1901 3578 1999 3609 melius
2013 3578 2158 3620 decentius
2172 3581 2205 3611 &
2221 3582 2316 3614 hono-

1256 3620 1409 3651 rificentius
1432 3619 1542 3650 Statum
1564 3618 1718 3650 Honorem
1739 3620 1771 3648 ὃς
1802 3619 1977 3655 Dignitatem
2006 3618 2124 3655 predid‘ci
2149 3622 2261 3650 Comitis
2281 3622 2314 3652 de

1257 3657 1440 3695 Marleburgh
1451 3668 1502 3696 ,ac
1519 3658 1617 3689 Onera
1631 3658 1681 3694 ipsi
1696 3657 1803 3695 Jacobo
1816 3657 1848 3685 ὃ(
1865 3654 2029 3698 Heredibus
2040 3655 2174 3687 Masculis
2189 3658 2226 3689 de
2234 3655 2315 3690 Cor-

1255 3699 1370 3736 poribus
1384 3697 1529 3727 diffitorum
1545 3696 1647 3735 Jacobi
1663 3698 1696 3726 ὃς
1710 3695 1789 3732 Jane
1805 3702 1953 3736 procreatis
1967 3694 1999 3723 &
2016 3695 2215 3734 procreandis,
2233 3698 2266 3728 ὃς
2284 3699 2315 3729 iri

1255 3736 1371 3767 defe&u
1391 3736 1449 3765 talis
1470 3734 1567 3765 Exitus
1586 3734 1744 3764 Heredibus
1766 3731 1899 3761 Malculis
1918 3732 1955 3763 de
1975 3731 2107 3769 Corpore
2128 3734 2199 3764 dieti
2214 3737 2315 3773 Jacobi

1256 3775 1438 3811 exeuntibuS,
1463 3773 1676 3808 incumbentia,
1702 3778 1883 3801 manutenere
1901 3770 1934 3801 &
1953 3770 2115 3807 supportare
2138 3773 2262 3812 valeant,
2281 3777 2316 3807 &

1256 3823 1357 3845 eorum
1373 3812 1492 3850 quilibet
1507 3811 1613 3848 valeat3

1292 3852 1379 3887 ideo,
1405 3850 1442 3880 de
1457 3851 1579 3880 uberiori
1593 3848 1692 3878 Gratia
1704 3845 1814 3889 nostra,
1838 3846 1970 3878 dedimus
1989 3847 2024 3878 ὃς
2046 3849 2253 3890 εοηεεῐῐῐωυε,
2280 3861 2315 3883 ac

1254 3901 1303 3929 per
1319 3887 1458 3919 Presentes
1471 3898 1524 3925 pro
1539 3888 1620 3917 nobis
1637 3884 1798 3915 Heredibus
1813 3886 1845 3915 ὃς
1861 3884 2078 3916 Succelsoribus
2098 3888 2200 3918 nosti-is
2215 3891 2316 3920 damus

1253 3930 1288 3960 &
1302 3926 1507 3964 concedimus,
1526 3924 1634 3962 prefato
1646 3922 1752 3960 Jacobo
1767 3925 1800 3953 ὅς
1817 3922 1978 3953 Heredibus
1998 3924 2133 3955 Malculis
2145 3928 2182 3956 de
2197 3927 2315 3965 Corpo⁴

1255 3968 1331 3997 ribus
1352 3964 1475 4003 Prediffl
1495 3962 1597 4002 Jacobi
1619 3962 1652 3993 ὃς
1667 3959 1749 4029 ῗὲιε
1766 3962 1923 3999 procreatis
1938 3964 1971 3994 δε
1987 3965 2193 4003 procreandis,
2216 3969 2249 3997 ὃς
2262 3977 2316 4005 pm

1735 4008 1752 4030 c
2269 4005 2320 4033 de-

2348 3021 2479 3049 'XVIIL

2380 3068 2447 3094 290.
