2536 4255
197 109 273 149 142

631 82 1450 136 CONVENTIONES,

1507 81 1896 136 LITERAE,

41 167 315 215 A”⁰·D⁸bicular'ii
329 203 337 220 ‚
365 183 397 214 ὃς
416 178 523 218 Εφιῂῐῐ
542 177 626 216 Regii
645 176 774 214 'praefee‘ti
794 175 896 213 Magni
911 176 1055 205 Indiarum
1073 174 1259 211 Cancellarii,
1297 170 1418 214 labiliter
1445 170 1611 202 observetur
1638 172 1709 203 inter
1733 169 1950 217 Sereniffimum
1979 167 2098 209 Regem
2126 170 2326 212 Hispaniarum
2343 173 2378 206 &
2401 171 2529 210 Ann.D,:

73 208 156 244 1630·
193 225 253 255 ἃς.
280 225 312 254 ὃς
330 225 368 251 D.
386 223 454 249 Inic:
474 217 554 248 Velez
572 217 603 246 de
622 219 756 245 Guevara
773 214 898 245 Comitis
912 215 947 245 de
964 218 1072 251 Ognate
1088 216 1149 246 &c.
1169 213 1252 243 Nec·
1293 207 1648 279 {effcngfforissmufflggfff
1662 213 1834 279 uffritetgffin
1844 208 1960 278 Ῑέἓέῗὲῑέ
1977 218 2170 278 ,Πξοῐὲἑῐῑᾞὲξ
2186 211 2374 280 Hsseredesac
2394 214 2503 279 Λϊ63ὲ).

1297 258 1418 324 Tuerms,
1436 257 1556 324 pSpt‘iios
1568 311 1577 324 ,
1589 258 1725 318 homine}
1740 310 1749 326 ,
1767 257 1870 326 Ιιξίοὲ,
1888 295 1922 316 ac
1940 255 2068 317 stigbdifos
2083 271 2225 324 quosct’irn
2240 261 2376 329 oligiigge,
2395 262 2459 319 εῖν.
2482 300 2506 321 ι.

43 250 95 276 An.
113 245 142 274 6.

43 290 111 315 Car.
128 296 150 315 i.

59 2511 169 2540 ‘XIX-

39 2560 103 2580 221.

193 272 253 292 non
274 264 311 290 D.
334 262 410 289 Petri
425 258 457 286 de
478 259 582 291 Cuniga
605 255 784 285 Marchionis
801 254 835 284 cie
852 252 1044 294 Floresdavila
1062 255 1124 285 &c.
1145 252 1265 291 quiqui-

194 292 261 331 dem
280 308 400 334 omnes,
419 298 451 327 ὅτ
472 296 569 332 unguii
588 304 603 324 a
622 293 724 323 nostris
739 294 801 323 sunt
818 293 929 322 intimis
946 292 1068 323 consiliis
1086 314 1096 330 ,
1113 292 1174 322 illos
1194 300 1264 329 prae-

191 340 259 370 senti
281 338 352 376 pacis
370 335 530 365 tractationi
557 331 670 362 nostros
697 330 843 369 praeficere
867 330 1089 362 Commissarios
1115 329 1264 373 aequibo-

196 379 282 415 nique
298 373 507 409 consuluimus,
527 373 558 402 &c
578 370 679 401 harum
698 370 766 401 serie
783 370 854 408 ipsos
873 370 938 400 tales
957 369 1072 400 nostros
1086 367 1265 399 Commina—

193 417 250 446 rios
261 438 269 453 ,
285 415 316 444 &
337 412 496 448 Deputatos
514 411 716 445 nominamus,
734 410 767 439 &
788 409 962 439 declaramus
980 432 989 446 ,
1008 409 1120 447 plenam
1137 406 1198 444 ipsis
1214 414 1266 441 po-

194 453 322 485 testatem
341 452 373 482 δε
386 449 586 480 authoritatem
597 471 606 486 ,
622 450 654 478 &
670 450 834 478 mandatum
850 448 994 486 generale,
1015 448 1047 477 ὃς
1062 447 1177 483 speciale
1192 452 1263 474 cou-

194 492 325 523 cedentes
339 513 348 526 ,
375 497 404 518 ut
433 498 501 518 cum
529 487 610 517 dicio
626 490 665 516 D.
684 485 826 526 Francrfio
841 488 1024 523 Cottingtonio
1043 486 1082 514 sui
1099 484 1190 520 Regis
1209 491 1266 526 no-

195 531 296 566 mine,
322 536 513 565 quaecumque
539 526 610 555 inter
639 536 692 556 nos
718 526 750 555 &
781 525 958 562 praelibatum
985 526 1097 560 Magnae
1120 525 1264 563 Britamfe

193 568 308 607 Regem
327 568 360 597 ad
379 565 491 595 firmam
512 565 637 602 Pacem,
654 564 687 595 &
705 565 862 594 amicitiam
881 562 1081 603 restituendam
1098 578 1108 598 ,
1126 562 1159 592 &
1180 558 1264 589 statn-

193 607 315 638 liendam
336 603 502 641 neceffiria,
520 605 553 635 &
573 612 733 641 opportuna
752 603 921 633 videbuntur
942 601 1045 642 poflint
1064 609 1145 638 agere
1159 622 1169 635 ,
1191 606 1265 627 trac-

193 654 250 677 tare
267 668 277 683 ,
296 643 475 675 concordare
491 666 501 680 ,
519 644 552 673 &
572 642 657 679 usque
676 642 709 670 ad
728 640 841 671 finalem
857 640 1074 670 conclusionem
1094 637 1264 676 perducere,

192 694 281 722 eaque
303 683 403 713 omnia
416 704 426 719 ,
452 683 486 712 &
513 681 617 719 singula
634 679 732 710 nostro
749 678 845 717 Regio
862 678 981 708 nomine
995 686 1077 714 agant
1091 700 1100 715 ,
1125 674 1265 717 traCtent,

192 722 371 754 concordent
385 744 394 758 ,
411 718 564 750 conficiant
583 719 616 749 &
637 718 812 749 concludant
826 741 835 753 ,
856 716 950 754 sicque
966 715 1001 746 ad
1020 714 1108 745 finem
1127 713 1263 757 perat‘ftis,

191 772 247 793 una
265 770 334 793 cum
351 760 561 797 praenominato
583 760 698 794 Magn-e
715 759 856 786 Britaniae
876 755 964 793 Regis
985 763 1097 784 oratore
1116 751 1263 796 Comissa-

190 802 235 831 tio
248 825 258 838 ,
285 801 319 831 &
346 798 494 835 Deputato
518 796 691 827 traetationis
708 796 838 826 articulos
855 794 889 823 &
906 792 1092 822 instrumenta
1108 793 1238 821 ordinare
1252 812 1262 825 ,

189 839 382 876 subscribere,
399 838 432 868 &
452 836 581 873 expedire
601 835 728 873 valeant,
749 841 862 864 necnon
881 831 932 861 sub
951 833 1026 860 bona
1047 831 1101 860 fide
1119 831 1153 860 &
1170 830 1263 859 verbo

192 877 294 909 nostro
319 876 414 915 Regio
434 875 602 913 promittere
621 883 672 903 nos
688 883 719 903 ea
738 873 835 902 omnia
855 879 928 913 grata
947 891 957 906 ,
981 877 1037 899 rata
1056 870 1090 900 &
1109 869 1189 899 firma
1212 868 1264 897 ha-

191 918 317 954 bituros,
335 916 368 946 &
387 922 421 944 ex
440 921 517 952 parte
534 912 628 943 nostra
646 913 745 949 aeque,
763 912 796 941 &
816 909 932 940 firmiter
953 908 1118 952 servaturos.

229 954 300 985 Dat'
326 955 446 984 Matriti
463 952 550 989 pridie
570 950 693 984 Kalend.
708 952 784 981 Maii
800 972 810 988 ,
836 947 895 978 Ari.
914 946 1008 978 Dom.
1029 946 1185 978 millesimo
1203 946 1264 977 sex-

194 993 353 1027 centesimo
370 991 521 1032 trigesimo.

686 1066 832 1106 Philippus.
859 1065 994 1097 Andreas
1011 1066 1044 1096 de
1063 1067 1159 1096 Rocas.

227 1151 288 1183 Pro
312 1157 392 1190 parte
415 1158 485 1181 vero
511 1146 602 1186 Regis
627 1147 740 1183 Magnae
759 1147 898 1174 Britaniae
914 1143 1046 1182 praefatus
1063 1143 1121 1180 ejus
1144 1141 1265 1186 Legattis

192 1193 234 1221 D.
253 1189 409 1229 Francifius
427 1190 617 1224 Gottingtonus
634 1186 737 1222 vigore
755 1183 876 1221 specialis
895 1182 1019 1224 mandati
1035 1204 1046 1220 ,
1063 1182 1097 1213 &
1114 1181 1266 1212 Commis-

193 1229 278 1260 fionis
304 1229 405 1267 Regiae
429 1228 458 1257 in
484 1225 592 1255 Palatio
617 1220 891 1262 Wstmonasterienfi
914 1222 1053 1260 vigesimo
1079 1220 1124 1252 die
1142 1219 1267 1250 celebris

194 1268 286 1298 Anno
312 1266 410 1306 Christi
436 1263 588 1296 millesimo
606 1260 808 1292 sexcentesimo
824 1259 963 1297 vigesimo
982 1267 1065 1290 nono
1082 1259 1198 1297 desuper
1218 1267 1268 1288 ex-

191 1307 295 1345 peditae
314 1315 379 1344 quae
396 1305 432 1336 de
450 1303 542 1336 verbo
558 1301 593 1333 ad
611 1300 733 1332 verbum
750 1299 789 1330 sic
807 1297 834 1329 se
849 1298 944 1330 habet.

194 1381 375 1440 CArolus,
391 1381 451 1412 Dei
468 1379 568 1410 Gratia
581 1401 591 1417 ,
609 1380 725 1416 Magnae
743 1379 884 1408 Britaniae
900 1399 910 1415 ,
935 1380 1060 1407 Francia
1075 1377 1108 1409 ὃς
1126 1374 1270 1405 Hiberniae

263 1423 351 1459 Rex,
378 1419 458 1450 Fidei
484 1417 628 1449 Defensor
643 1440 652 1455 ‚
677 1417 738 1447 &c.
779 1415 927 1446 Omnibus
954 1416 989 1447 &
1014 1414 1125 1453 singulis
1141 1414 1177 1445 ad
1196 1423 1270 1451 quos

190 1461 337 1501 praesentes
351 1458 461 1489 nostraer
475 1456 581 1487 Literae
599 1455 798 1494 pervenerint,
816 1453 950 1485 Salutem.

230 1500 309 1531 Cum
335 1497 418 1528 firma
442 1496 499 1526 Pax
523 1496 557 1526 ὃς
585 1495 720 1525 Amicitia
743 1494 816 1524 inter
833 1493 981 1530 optimum
1000 1490 1136 1533 nostrum·
1151 1488 1267 1519 Patrem

192 1538 304 1577 Regem
331 1535 468 1575 Jacobum
494 1534 585 1564 beatae
603 1532 756 1563 memoriae
774 1533 808 1563 ὃς
826 1529 1023 1561 Sereniffimos
1039 1529 1189 1566 Principes
1206 1527 1268 1557 Phi-

190 1577 290 1617 lippum
308 1577 422 1606 tertium
440 1573 611 1604 defuneturn
632 1571 744 1610 Regem
762 1592 772 1608 ,
797 1570 831 1601 &
848 1568 1044 1600 chariffimum
1061 1567 1192 1597 nostrum
1212 1566 1267 1597 fra-

191 1625 267 1648 trem
284 1613 435 1652 Philippum
455 1621 587 1651 quartum
605 1619 684 1640 nunc
703 1617 840 1648 temporis
858 1607 973 1646 Regem
989 1605 1207 1651 Hispaniarum,
1218 1615 1267 1649 per

192 1655 297 1686 multos
314 1662 404 1684 annos
423 1652 550 1682 faeliciter
567 1649 725 1686 duraverit,
743 1647 839 1677 donec
855 1646 1057 1684 intempestive
1076 1645 1208 1689 quaedam
1226 1654 1268 1673 in—

190 1694 377 1733 terruptiones
404 1690 569 1721 acciderunt
596 1688 630 1719 &
650 1687 860 1718 intercederunt
875 1707 885 1723 ‚
910 1685 945 1715 ad
965 1694 1032 1722 quas
1051 1692 1147 1714 tamen
1162 1683 1268 1727 dissen-

190 1734 280 1764 tiones
299 1730 642 1766 tollendas,veteremque
660 1725 818 1756 amicitiam
837 1732 937 1754 mutue
955 1722 1267 1764 restituendam,Prin-

191 1773 269 1810 cipes
294 1769 412 1809 quidam
439 1770 512 1798 inter
531 1776 585 1797 nos
607 1765 827 1796 intervenientes
842 1785 852 1801 ,
876 1762 959 1792 nobis
978 1762 1095 1792 asserere
1114 1760 1266 1791 voluerunt

189 1811 301 1841 dicium
322 1806 520 1848 Hispaniarum
538 1803 656 1843 Regem
674 1803 790 1833 fratrem
817 1800 949 1831 nostrum
973 1799 1182 1830 Chariffimum
1208 1801 1268 1830 ani—

190 1853 274 1881 mum
298 1848 358 1886 jam
382 1847 454 1878 serio
477 1844 596 1885 aplicare
611 1866 620 1881 ,
645 1842 774 1879 adeoque
799 1839 868 1870 nihil
888 1839 1024 1883 superesse
1041 1838 1075 1868 ad
1094 1839 1202 1882 Pacem
1223 1849 1266 1869 re-

187 1887 403 1926 dintegrandam
419 1908 429 1922 ,
453 1885 487 1916 &
511 1882 599 1920 aequis
622 1879 839 1912 conditionibus
864 1877 1059 1908 stabiliendam
1077 1877 1178 1921 nist-ut
1198 1877 1267 1908 Ido-

190 1928 256 1966 nei,
276 1927 309 1957 &
325 1923 477 1956 sufficienti
494 1921 665 1951 authoritate
683 1919 818 1963 utrinque
837 1916 986 1955 instructi,
1006 1917 1039 1948 ὅ(
1060 1917 1182 1954 muniti,
1201 1926 1266 1947 mu—

187 1973 241 1998 tuo
260 1966 406 1996 mittantur
424 1960 551 1992 Ministri
569 1960 601 1991 &
622 1959 729 1996 Legati.
1028 1996 1033 2001 ι
1094 1997 1097 2001 ¹

227 2004 297 2036 Nos
322 2002 422 2034 itidem
445 2000 548 2039 quibu<
567 1999 676 2028 animus
695 2007 711 2026 a
734 1995 809 2027 Pace
828 2005 975 2033 nunquam
995 1995 1047 2026 fuit
1065 1995 1170 2026 alienus
1185 2019 1195 2033 ,
1219 1994 1265 2026 sed

189 2045 285 2083 potius
302 2041 469 2073 deliderium
489 2037 632 2076 pristinam
651 2035 808 2065 amicitiam
829 2034 948 2064 firmiori
969 2035 1007 2071 (si
1027 2033 1086 2064 fieri
1105 2034 1206 2072 possit)
1230 2035 1263 2065 &

188 2082 303 2114 arffiori
322 2079 438 2111 vinculo
454 2076 597 2107 vinciendi
614 2075 647 2106 ὃ(
667 2073 823 2111 sanciendi,
844 2083 902 2104 non
923 2073 1081 2104 dubitantes
1102 2074 1169 2112 quin
1190 2072 1264 2104 istud

188 2131 261 2160 opus
280 2121 308 2150 in
326 2120 438 2150 bonum
457 2116 621 2155 publicum,
640 2114 674 2145 &
692 2113 856 2143 amicorum
875 2111 1046 2143 nostrorum
1064 2113 1264 2143 confederato-

188 2169 309 2198 rumque
324 2158 439 2189 salutem
457 2156 491 2186 &
512 2153 741 2185 emolumentum
760 2172 769 2189 ‚
784 2153 872 2190 inque
890 2151 1022 2181 nostrum
1040 2151 1262 2190 nostrorumque

184 2200 317 2236 utrinque
343 2196 514 2235 Regnorum
540 2200 669 2223 mutuam
686 2190 835 2221 utilitatem
850 2213 859 2227 ,
885 2190 922 2220 ad
936 2190 1101 2230 prosperum
1120 2191 1152 2221 &
1171 2200 1262 2229 exop-

184 2246 276 2271 tatum
293 2236 380 2267 finem
397 2233 514 2273 perduci
534 2230 618 2270 poffit
635 2253 644 2269 ,
669 2238 816 2267 promptos
834 2239 886 2258 nos
905 2230 978 2266 ipsos
997 2237 1080 2267 atque
1097 2238 1209 2267 paratos
1224 2229 1259 2261 ad

184 2286 245 2309 rem
265 2284 372 2306 tantam
389 2271 618 2313 promovendam
638 2269 766 2308 praebere
784 2267 928 2312 volumus.

220 2315 306 2355 Igitur
328 2313 416 2347 sciatis
434 2310 514 2352 quod
533 2320 583 2342 nos
598 2311 634 2342 de
653 2308 798 2348 prudentia
815 2333 825 2346 ,
846 2306 994 2347 fidelitate,
1011 2308 1043 2340 ὃς
1061 2307 1193 2340 industria
1207 2309 1259 2341 viri

186 2355 290 2386 nobilis
307 2378 317 2393 ,
333 2354 421 2384 fidelis
435 2376 445 2392 ,
471 2352 504 2382 &
523 2349 680 2389 praedilecti
698 2348 788 2379 nostti
805 2348 940 2387 Francisci
958 2352 1129 2387 Cottingtoni
1149 2348 1261 2387 Equitis

187 2393 333 2425 Baronetti
348 2391 509 2423 Consiliarii
527 2388 640 2426 nostri,
667 2389 701 2420 ὃ(
719 2387 889 2418 Cancellarii
907 2387 990 2426 Regii
1011 2389 1100 2417 nostri
1119 2388 1260 2418 Scaccarii

184 2433 342 2471 plurimum
362 2430 562 2468 confidentes,
591 2428 680 2467 ipsum
706 2425 876 2465 Francifium
894 2429 1108 2463 Cottingtonium
1126 2425 1258 2457 nostrum

184 2481 286 2502 verum
305 2471 338 2501 ὃ(
356 2470 545 2500 indubitatum
565 2465 826 2503 Commissarium,
848 2464 987 2503 Legatum
1004 2488 1014 2503 ,
1040 2474 1257 2504 procuratorem

186 2511 219 2542 δε
236 2510 399 2546 deputatum
426 2509 445 2527 ²*
463 2507 498 2537 ad
517 2505 687 2544 praedkstum
704 2505 853 2543 negotium
872 2503 1012 2542 fecimus,
1032 2504 1234 2535 constituimus
1250 2529 1260 2544 ,

185 2548 394 2584 ordinavimus,
412 2547 445 2577 &
463 2546 658 2585 deputavimus
674 2567 683 2581 ,
701 2553 734 2574 ac
755 2552 803 2580 per
822 2542 969 2586 praesentes
987 2542 1107 2574 facimus
1123 2566 1132 2582 ,
1151 2543 1258 2575 consti-

185 2588 295 2618 tuimus
306 2609 315 2623 ,
332 2587 494 2616 ordinamus
510 2585 543 2616 ὃς
561 2582 726 2619 deputamus
738 2606 746 2617 ,
768 2581 875 2612 Dantes
891 2581 983 2611 eidem
1003 2581 1036 2612 &
1056 2581 1257 2614 Committen-

183 2634 225 2658 tes
250 2625 361 2663 plenam
387 2622 556 2660 potestatem
583 2621 615 2651 &
632 2621 830 2650 authoritatem
850 2620 949 2657 pariter
967 2630 999 2651 ac
1020 2621 1186 2652 mandatum
1207 2631 1241 2658 tte

183 2665 276 2696 nerale
295 2673 327 2693 ac
354 2662 369 2692 s
386 2660 472 2692 eciale
489 2660 609 2689 nomine
627 2659 727 2688 nostro
740 2681 749 2695 ,
773 2667 843 2688 cum
863 2659 980 2696 praefato
1000 2658 1182 2689 Sereniffimo
1201 2663 1257 2690 Ht-

175 2704 339 2744 spaniarum
361 2672 444 2738 Rege
465 2699 546 2729 fratre
567 2697 666 2726 nostro
684 2696 846 2726 charissimo
860 2718 869 2734 ,
896 2696 1008 2734 ejusque
1028 2699 1257 2734 procuratoribus

183 2741 320 2780 deputatis
340 2741 373 2771 &
395 2738 507 2768 nunciis
525 2735 559 2766 ad
580 2736 638 2766 hoc
657 2734 844 2765 sufficientem
863 2736 1060 2765 authoritatem
1081 2737 1114 2767 ὃς
1134 2737 1257 2773 potesta-

182 2790 243 2812 tem
262 2777 449 2814 habentibus,
467 2773 726 2811 communicandi,
745 2772 898 2810 tractandi,
913 2773 1111 2804 concordandi
1130 2777 1163 2805 &
1183 2785 1256 2805 con-

183 2818 319 2850 cludendi
347 2816 445 2847 omnia
471 2816 503 2846 δε
525 2813 629 2853 singula
645 2821 710 2850 quae
727 2811 761 2841 ad
778 2811 890 2841 firmam
907 2821 1005 2850 pacem
1024 2812 1057 2842 ὃς
1077 2814 1230 2843 amicitiam
1247 2837 1257 2851 ,

182 2859 255 2889 inter
274 2866 344 2887 nos,
362 2853 467 2884 nostras
486 2851 634 2887 Coronas,
648 2860 733 2888 atque
751 2848 992 2888 consanguineos,
1005 2852 1114 2881 amicos
1131 2852 1164 2883 &
1181 2862 1257 2882 col—,-

183 2889 463 2928 federatos‘nostros
480 2914 490 2930 ,
514 2900 583 2922 cum
609 2889 689 2919 dic'to
705 2889 805 2919 nostro
824 2888 986 2919 charissimo
1004 2890 1086 2920 fratre
1104 2889 1257 2929 Hispania-

185 2946 245 2965 rum
268 2934 349 2972 Rege
376 2930 558 2962 reficiendam
581 2928 614 2959 ὃς
641 2927 836 2958 stabiliendam
850 2950 859 2965 ,
885 2927 1052 2958 conducunt
1071 2929 1104 2958 δε
1125 2931 1230 2960 taciunt
1245 2953 1255 2969 ,

183 2982 269 3013 atque
296 2974 374 3009 super
402 2971 432 3000 iis
449 2968 583 3000 articulos
597 2990 607 3005 ‚
631 2966 721 2997 literas
741 2967 774 2997 ὅ(
794 2965 978 2996 instrumenta
994 2966 1144 2998 necessaria
1162 2969 1256 2999 confi-

186 3010 282 3045 ciendi
299 3033 308 3049 ,
324 3011 357 3041 ὅτ.
373 3009 410 3040 ab
426 3008 510 3038 altera
528 3013 606 3045 parte
624 3005 737 3042 petendi
754 3027 763 3043 ,
780 3005 814 3036 ὃς
833 3005 994 3044 recipiendi.
1035 3005 1169 3043 Denique
1188 3017 1254 3038 om—

185 3052 231 3082 nia
254 3059 287 3079 ea
311 3058 376 3086 quae
402 3046 436 3077 ad
464 3044 596 3084 premissa
614 3044 659 3074 vel
678 3044 754 3074 circa
772 3044 870 3074 eadem
886 3052 968 3074 erunt
984 3044 1133 3075 necessaria
1152 3046 1186 3077 &
1204 3056 1258 3084 op-

187 3097 307 3129 portuna
329 3085 450 3117 faciendi
477 3085 510 3116 &
536 3082 713 3120 expediendi.
748 3082 948 3113 Promittentes
972 3083 1052 3112 bona
1070 3082 1126 3114 fide
1143 3106 1152 3121 ,
1175 3085 1208 3116 ὃ(
1228 3087 1256 3115 in

189 3129 280 3158 verbo
301 3125 414 3164 Regio,
425 3133 478 3153 nos
497 3131 562 3160 quae
580 3122 651 3152 inter
666 3120 777 3151 dietum
790 3121 903 3150 fratrem
920 3119 1048 3151 nostrum
1062 3121 1257 3154 charissimum

188 3165 388 3206 Hispaniarum
413 3162 527 3200 Regem
542 3182 551 3199 ,
577 3159 689 3197 ejusque
707 3158 911 3189 Procuratores
933 3159 1093 3197 Deputatos
1112 3160 1145 3191 &
1165 3162 1256 3193 Nun-

189 3201 250 3236 Cios
265 3227 274 3242 ,
299 3212 384 3241 atque
415 3199 663 3231 Praenominatum
693 3197 863 3236 Franciscum
889 3200 1103 3235 Cottingtonium
1124 3199 1257 3231 nostrum

190 3242 434 3273 Commissarium
457 3246 601 3269 oratorem
628 3237 660 3267 &
681 3236 859 3273 Deputatum
874 3259 885 3274 ,
909 3237 937 3266 in
959 3236 1105 3274 praemisfis
1122 3237 1168 3269 seu
1187 3248 1260 3278 prae-

193 3281 345 3313 mifforum
363 3280 460 3317 aliquo
477 3285 558 3308 erunt
574 3275 687 3307 afflata
699 3298 708 3312 ,
723 3274 795 3305 faeta
815 3274 848 3305 &
867 3275 1015 3312 conclusa,
1035 3285 1068 3306 ea
1084 3278 1183 3307 omnia
1199 3286 1262 3316 gra-

193 3328 239 3359 ta,
256 3327 330 3355 rata,
349 3319 382 3349 &
400 3318 480 3347 firma
496 3316 660 3352 habituros,
677 3313 711 3344 &
727 3323 761 3345 ex
781 3312 879 3344 nostra
894 3322 971 3354 parte
989 3313 1153 3345 servaturos.

233 3357 268 3389 In
286 3357 365 3395 cujus
383 3357 423 3387 rei
438 3354 637 3386 testimonium
655 3351 729 3383 hisce
742 3352 828 3382 literis
846 3361 933 3382 manu
951 3352 1049 3382 nostra
1068 3352 1159 3392 Regia
1172 3352 1264 3385 firma-

199 3398 254 3435 tis,
271 3405 410 3434 magnum
429 3393 525 3433 Regni
543 3391 633 3422 nostri
647 3390 760 3428 Angliae
771 3389 903 3429 Sigillum
916 3392 1023 3428 apponi
1036 3391 1168 3423 fecimus.
1186 3392 1265 3430 Qae

200 3436 337 3465 dabantur
361 3443 376 3463 a
403 3432 511 3464 Palatio
537 3430 637 3462 nostro
670 3427 938 3472 W'estmonasterienfi
962 3429 1008 3459 die
1028 3429 1166 3473 vigesimo
1184 3432 1268 3461 Οίῖο-

199 3473 254 3505 bris
294 3472 383 3503 Anno
399 3470 499 3510 Christi
515 3470 595 3508 supra
613 3468 764 3502 millesimo
780 3466 981 3500 sexcentesimo
999 3469 1193 3508 vicesimoque
1210 3479 1269 3501 no-

199 3521 243 3546 no
257 3495 408 3552 Regnique
424 3509 514 3540 nostri
530 3510 644 3548 quinto.

966 3582 1078 3616 Carolus
1092 3587 1162 3617 Rex.

247 3666 308 3705 Qii
326 3665 440 3705 quidem
458 3663 600 3702 utriusque
620 3660 710 3702 Regis
729 3660 944 3698 Commissarii,
966 3662 1000 3692 &
1021 3661 1149 3699 deputati
1165 3684 1175 3699 ,
1193 3661 1272 3692 facto

209 3703 356 3741 aliquoties
380 3704 535 3741 congressu
555 3725 564 3741 ,
587 3704 748 3740 praeviaque
777 3700 870 3731 solerti
892 3708 978 3743 tantae
994 3701 1034 3729 rei
1051 3699 1220 3730 discussione
1237 3701 1272 3731 &

211 3751 318 3772 matura
335 3744 456 3774 adhibita
475 3742 675 3773 deliberatione
688 3764 697 3776 ,
724 3740 793 3771 Deo
811 3739 864 3777 piis
882 3747 984 3775 cceptis
1000 3738 1114 3769 favente
1127 3762 1136 3775 ,
1161 3738 1195 3768 ad
1213 3747 1274 3768 ma-

215 3781 306 3810 'orem
323 3783 378 3818 ejus
396 3781 517 3818 gloriam
535 3803 545 3817 ,
563 3780 640 3810 orbis
654 3777 808 3809 Christiani
823 3776 995 3807 beneficium
1011 3799 1021 3815 ‚
1043 3776 1184 3814 utriusque
1203 3786 1274 3806 vero

211 3789 304 3856 lkegts
328 3819 505 3849 subditorum
529 3817 718 3849 commodum
745 3818 779 3848 &
800 3815 1026 3852 tranquillitatem
1046 3837 1056 3854 ,
1077 3815 1275 3853 subsequentes

213 3855 298 3888 Pacis
314 3866 449 3894 perpetuo
467 3857 606 3887 duraturae
623 3856 758 3887 articulos
773 3854 985 3886 concordarunt
1003 3854 1036 3885 &
1055 3853 1238 3885 stabilierunt.

254 3943 281 3964 1.
298 3931 399 3962 Primo
417 3931 599 3969 conclusum,
618 3931 775 3963 stabilitum
792 3931 826 3962 &
845 3930 1057 3962 concordatum
1075 3931 1144 3969 fuit,
1161 3930 1196 3961 &
1214 3929 1254 3961 est
1265 3953 1276 3968 ,

214 3980 248 4002 ut
265 3972 302 4001 ab
318 3970 406 4000 hodie
423 3971 453 4000 in
472 3978 551 4000 antea
569 3970 599 3998 sit
618 3968 694 4000 bona
707 3993 717 4006 ,
742 3970 847 4000 fincera
863 3993 873 4008 ,
891 3979 958 4000 vera
972 3992 982 4006 ,
1002 3969 1082 4000 firma
1100 3970 1134 4001 &
1150 3968 1273 4006 perfecta

213 4009 356 4047 amicitia,
373 4008 407 4039 &
424 4007 633 4044 confederatio,
650 4017 683 4039 ac
704 4008 762 4039 Pax
780 4017 917 4047 perpetuo
936 4008 1082 4048 duratura,
1096 4016 1161 4047 quae
1180 4008 1275 4039 invio-

1298 323 1407 360 sentes,
1432 324 1465 355 &
1486 325 1594 355 futuros
1611 327 1818 364 cujuscumque
1836 324 2011 356 conditionis
2026 348 2036 363 ,
2060 324 2204 363 dignitatis
2275 328 2376 367 gradus

1300 361 1419 392 existant
1433 386 1443 399 ,
1462 371 1522 392 tam
1542 373 1590 400 per
1611 372 1733 402 terram,
1753 374 1839 402 quarn
1861 373 1910 400 per
1930 373 2006 394 mare
2022 387 2032 402 ,
2050 364 2082 395 &
2102 373 2187 402 aquas
2206 363 2321 404 dulces,
2338 367 2376 398 ita

1300 409 1332 430 ut
1360 401 1490 441 praedi-‘sti
1516 402 1620 431 vaffalli
1647 404 1680 432 ὃς
1706 403 1808 433 subditi
1835 402 1887 432 sibi
1912 403 2041 433 invicem
2066 403 2161 433 favere
2177 425 2187 441 ,
2212 402 2245 433 &
2272 405 2378 436 mutuis

1299 439 1432 507 prosequi
1459 437 1563 469 officiis
1587 448 1622 471 ac
1647 441 1767 471 honesta
1791 439 1947 472 affeffione
1974 442 2104 472 invicem
2133 441 2159 472 se
2184 441 2303 472 tractare
2327 442 2378 474 ha-

1324 486 1395 506 eant.
1688 489 1692 493 ²

1339 524 1367 545 2.
1387 514 1540 554 Ceffetque
1554 517 1583 546 in
1597 516 1741 554 posterum
1756 517 1851 547 omnis
1868 516 2007 548 hostilitas
2023 540 2033 556 ,
2048 528 2081 549 ac
2100 518 2266 556 inimicitia,
2283 517 2380 549 offen-

1299 553 1423 584 sionibus
1441 556 1577 586 omnibus
1592 578 1601 593 ,
1629 556 1732 594 injuriis
1748 578 1759 594 ,
1785 556 1819 585 &
1839 555 1948 585 damnis
1974 566 2039 594 quae
2057 557 2176 588 durante
2195 558 2272 588 bello
2289 566 2382 598 partes

1300 593 1515 630 quoquomodo
1535 595 1723 632 percepissent
1741 593 1870 630 sublatis,
1888 595 1920 624 &
1943 594 2084 625 oblivioni
2103 597 2229 629 traditis.
2244 598 2283 627 ita
2299 605 2331 628 ut
2349 598 2381 628 in

1300 631 1447 667 posterum
1474 632 1545 662 nihil
1571 633 1638 663 alter
1665 634 1701 663 ab
1716 633 1804 663 altero
1821 633 1973 663 occatione
1994 630 2234 673 quorumcunque
2255 636 2380 667 damno-

1299 679 1383 707 rum,
1401 665 1597 701 offenlionum
1613 695 1622 708 ,
1642 671 1822 709 Captionum
1838 693 1848 708 ,
1866 679 1914 701 aut
1931 670 2098 708 Spoliorum
2116 674 2293 712 praetendere
2311 678 2380 712 pos-

1300 707 1358 745 sit,
1378 708 1424 738 sed
1444 710 1579 741 omnium
1599 711 1715 741 abolitio
1734 710 1766 741 sit
1780 733 1790 749 ,
1818 711 1851 741 ὃς
1869 710 2013 740 censeatur
2032 710 2107 741 faeta
2126 711 2162 741 ab
2181 712 2268 744 hodie
2283 714 2313 743 in
2329 723 2381 744 an-

1300 753 1364 784 tea,
1380 748 1530 786 omnisque
1548 748 1625 779 aestio
1645 750 1772 780 extincta
1789 749 1921 780 habeatur
1939 771 1948 786 ,
1967 747 2040 779 salva
2059 748 2093 779 &
2112 747 2213 788 pfaeter
2232 761 2317 789 quam
2336 762 2382 783 re-

1300 783 1398 827 spenstu
1424 787 1591 823 captionum
1616 788 1755 819 factarum
1772 788 1843 818 intra
1861 786 2021 818 distritstum
2042 788 2125 818 maris
2142 789 2270 820 arcitioris
2288 790 2380 829 spatio

1302 823 1468 867 quindecim
1488 825 1598 855 dierum
1614 849 1623 864 ,
1648 828 1682 858 ὃς
1701 828 1772 857 intra
1791 826 1918 857 arctioris
1937 826 2020 856 maris
2047 825 2260 866 Insularumque
2277 830 2383 861 tractus

1302 862 1391 904 spatio
1409 871 1495 893 trium
1514 865 1768 903 mensium,atque
1787 865 1859 896 ultra
1877 865 1982 896 lineam
2001 863 2090 903 spatio
2109 874 2219 897 novem
2237 867 2381 899 mensium

1301 909 1413 944 integro
1440 901 1531 941 elapso
1556 913 1571 933 a
1589 903 1636 933 die
1655 904 1805 940 publicatae
1824 904 1899 940 pacis
1916 926 1926 940 ,
1951 903 2008 934 sive
2026 903 2120 935 statim
2141 906 2156 935 *a
2176 904 2382 944 fignificatione

1300 936 1382 982 Pacis
1400 940 1471 970 infra
1489 940 1582 971 diCtos
1602 940 1722 972 Limites
1736 965 1746 980 ,
1770 941 1802 972 &
1819 942 1884 972 loca
1902 941 2073 973 sufficienter
2096 943 2172 974 fadta
2190 953 2239 982 per
2257 944 2381 976 declara-

1302 986 1413 1022 tiones,
1433 988 1478 1010 aut
1498 979 1650 1017 diplomata
1669 981 1830 1011 authentica
1846 979 2000 1017 respective
2020 981 2204 1013 monstranda
2220 1006 2229 1021 ,
2257 984 2323 1022 quia
2341 984 2380 1015 de

1301 1016 1352 1046 illis
1369 1017 1485 1049 debebit
1505 1019 1583 1049 reddi
1602 1020 1674 1049 ratio
1691 1019 1808 1058 fierique
1827 1018 1974 1049 restitutio.
2014 1018 2264 1058 Abstinebuntque
2283 1023 2313 1051 in
2334 1021 2380 1053 fu-

1301 1064 1398 1087 turum
1417 1058 1454 1087 ab
1473 1059 1556 1088 omni
1572 1058 1668 1096 praeda
1684 1082 1693 1096 ,
1720 1058 1853 1096 captione
1867 1081 1877 1095 ,
1904 1055 2064 1087 offensione
2082 1081 2091 1095 ,
2117 1059 2149 1089 &
2165 1060 2255 1097 spolio
2272 1060 2301 1090 iri
2317 1061 2382 1099 qui-

1300 1093 1465 1135 buscunque
1483 1095 1597 1134 Regnis
1612 1119 1621 1135 ,
1641 1096 1787 1129 Dominiis
1799 1119 1809 1134 ,
1827 1096 1899 1126 locis
1922 1095 1955 1126 δε
1974 1095 2128 1126 ditionibus
2145 1098 2303 1130 alterutrius
2317 1100 2382 1130 ubi-

1302 1135 1345 1163 vis
1363 1134 1435 1173 sitis,
1450 1144 1509 1166 tam
1529 1137 1558 1166 in
1577 1145 1649 1167 terra
1668 1146 1753 1174 quam
1778 1136 1806 1165 in
1827 1135 1923 1172 mari,
1942 1134 1975 1166 &
1992 1135 2071 1172 aquis
2090 1133 2242 1174 dulcibus,
2259 1147 2314 1168 nec
2331 1142 2383 1176 per

1301 1171 1362 1203 suos
1383 1172 1532 1212 Vaisallos,
1544 1175 1668 1212 incolas,
1683 1175 1728 1205 vel
1746 1172 1870 1205 subditos
1891 1172 1996 1211 aliquid
2017 1181 2050 1203 ex
2069 1173 2212 1211 praediCtis
2231 1174 2290 1204 fieri
2309 1185 2383 1207 con-

1301 1211 1442 1250 sentient,
1459 1222 1638 1251 omnemque
1657 1214 1780 1251 praedam
1798 1237 1807 1250 ,
1825 1212 1947 1250 spolium
1967 1221 2000 1242 ac
2020 1213 2185 1251 captionem
2204 1236 2215 1252 ,
2237 1222 2286 1244 aut
2303 1213 2382 1246 dam-

1301 1259 1374 1280 num
1393 1251 1471 1288 quod
1490 1251 1555 1282 inde
1577 1252 1624 1283 fiet
1640 1252 1686 1283 vel
1702 1252 1812 1283 dabitur
1831 1249 1936 1282 restitui
1957 1249 2070 1282 facient.

1340 1297 1367 1327 3.
1390 1288 1464 1320 Item
1478 1312 1488 1327 ,
1511 1291 1589 1330 quod
1616 1290 1708 1321 nullus
1735 1290 1880 1321 distorum
1907 1289 2156 1321 Sereniffimorum
2182 1289 2301 1330 Regum
2319 1290 2384 1323 suo'ss

1301 1337 1426 1366 rumque
1452 1328 1600 1360 haeredum
1615 1352 1625 1367 ,
1650 1331 1683 1362 &
1707 1328 1900 1360 successorum
1921 1338 2164 1368 quorumcunque
2183 1339 2234 1368 per
2253 1330 2280 1361 se
2295 1353 2305 1369 ,
2328 1336 2384 1362 nec

1303 1375 1353 1405 per
1374 1368 1507 1405 quemvis
1526 1368 1632 1406 alium,
1650 1377 1750 1399 contra
1769 1368 1857 1398 alium
1875 1367 1908 1398 &
1927 1366 1971 1397 sua
1991 1367 2094 1406 Regna
2109 1392 2119 1405 ,
2142 1367 2248 1400 Patrias
2265 1369 2299 1400 &
2315 1367 2384 1400 Do-

1304 1406 1392 1435 minia
1411 1413 1593 1445 quaecunque
1614 1407 1771 1445 quidquam
1788 1413 1871 1444 aget,
1889 1405 1972 1436 saciet
1990 1406 2024 1437 ὃς
2042 1406 2173 1437 tractabit
2189 1431 2199 1444 ,
2225 1407 2273 1439 vel
2291 1416 2384 1440 atten-

1303 1444 1374 1474 tabit
1401 1453 1576 1482 quocunquc
1599 1445 1628 1474 in
1656 1445 1726 1475 loco
1745 1467 1754 1483 ‚
1780 1445 1838 1474 sive
1857 1446 1887 1474 in
1910 1452 1981 1474 terra
2000 1444 2057 1475 live
2075 1444 2105 1474 in
2124 1447 2218 1485 mari,
2243 1447 2386 1484 portubus

1304 1482 1349 1512 vel
1369 1483 1399 1512 in
1417 1484 1497 1520 aquis
1515 1483 1646 1514 dulcibus
1666 1492 1838 1522 quacunque
1855 1482 2024 1521 occasione,
2043 1482 2090 1514 vel
2109 1484 2206 1522 causa,
2224 1494 2279 1516 nec
2298 1485 2383 1516 alicui

1304 1520 1380 1551 bello
1395 1544 1404 1558 ,
1423 1522 1541 1552 consilio
1559 1545 1568 1560 ,
1593 1522 1770 1553 attentationi
1785 1545 1796 1562 ‚
1815 1521 1858 1552 vel
1875 1521 2005 1552 tractatui
2023 1531 2086 1561 quae
2106 1521 2205 1554 fierent
2220 1547 2230 1561 ,
2256 1524 2302 1555 vel
2322 1523 2384 1555 fieri

1302 1559 1413 1629 pogent
1431 1561 1461 1590 in
1479 1561 1676 1600 praejudicium
1695 1562 1776 1592 unius
1796 1569 1898 1593 contra
1914 1559 2001 1590 aliurn
2017 1582 2028 1599 ,
2045 1560 2201 1593 consentiet
2219 1562 2269 1593 vel
2285 1562 2385 1594 adh'ae-

1305 1608 1334 1628 re
1360 1607 1379 1629 tt

1337 1646 1367 1676 4.
1385 1637 1460 1668 Item
1488 1638 1567 1677 quod
1590 1648 1688 1670 neutra
1713 1639 1836 1678 partium
1854 1637 1997 1677 praestabit
2013 1659 2023 1676 ,
2044 1647 2098 1669 nec
2118 1639 2240 1678 praestari
2258 1649 2308 1680 per
2327 1640 2381 1672 ali-

1302 1686 1375 1714 quos
1393 1676 1456 1708 suos
1476 1678 1604 1709 vassallos
1621 1682 1636 1717 ,'
1655 1679 1781 1709 subditos
1825 1678 1969 1708 incolasve
1984 1676 2140 1709 consentiet
2159 1679 2291 1710 auxilium
2307 1704 2316 1718 ,
2336 1679 2380 1711 fa-

1302 1725 1403 1745 vorem
1425 1716 1471 1747 vel
1488 1717 1639 1748 consilium
1657 1717 1765 1748 directe
1784 1702 1803 1736 a}
1821 1717 1866 1747 vel
1886 1726 1934 1754 per
1958 1715 2127 1746 indirectum
2141 1738 2151 1753 ,
2176 1725 2233 1748 tam
2254 1728 2301 1756 per
2321 1727 2380 1750 ter-

1302 1764 1362 1784 ram
1379 1779 1388 1791 ,
1417 1765 1503 1792 quant
1523 1766 1573 1794 per
1591 1766 1667 1787 mate
1681 1780 1693 1796 ,
1717 1757 1750 1787 &
1770 1765 1853 1794 aquas
1872 1755 1968 1786 dulces
1983 1766 1994 1793 3
2012 1764 2066 1785 nec
2084 1754 2307 1788 subministrabit
2325 1767 2380 1789 nec

1299 1791 1500 1836 subministrari
1519 1795 1676 1826 consentiet
1697 1804 1745 1832 per
1765 1793 1860 1825 distos
1886 1793 2012 1824 vassallos
2027 1815 2037 1831 ,
2061 1793 2206 1824 incolasve
2221 1818 2231 1834 ‚
2257 1800 2291 1826 ac
2315 1795 2382 1828 sub-

1301 1832 1377 1862 ditos
1400 1832 1574 1871 Regnorum
1590 1833 1705 1864 suorum
1723 1833 1825 1864 milites
1840 1856 1850 1871 ,
1869 1840 2068 1863 commeatum
2083 1855 2094 1871 ,
2111 1834 2263 1872 pecunias,
2280 1834 2382 1867 instru-

1302 1879 1398 1901 menta
1419 1872 1539 1910 bellica,
1558 1873 1730 1903 munitiones
1743 1896 1753 1909 ,
1775 1872 1821 1903 vel
1844 1871 2004 1909 aliquodvis
2022 1870 2096 1900 aliud
2113 1871 2248 1902 auxilium
2266 1872 2303 1904 ad
2320 1873 2382 1904 bel-

1301 1908 1363 1939 lum
1381 1910 1602 1942 confovendum
1619 1935 1629 1950 ,
1653 1910 1785 1942 hostibus
1804 1910 1929 1941 inimicis
1946 1920 1979 1940 ac
1999 1908 2150 1940 rebellibus
2169 1910 2279 1942 alterius
2296 1913 2381 1951 partis

1299 1948 1497 1988 cujuscunque
1513 1952 1622 1988 generis
1643 1949 1694 1979 sint
1708 1972 1717 1988 ,
1742 1958 1800 1980 tam
1820 1948 2019 1979 invadentibus
2037 1947 2141 1987 Regna
2157 1971 2168 1987 ,
2192 1948 2297 1981 Patrias
2310 1973 2321 1990 ,
2344 1951 2380 1982 δε

1300 1986 1442 2018 Dominia
1461 1989 1589 2028 alterius,
1615 1997 1704 2027 quam
1721 1988 1748 2019 se
1764 1987 2003 2019 substrahentibus
2022 1987 2057 2018 ab
2075 1987 2238 2020 obedientia
2257 1990 2290 2021 ὃς
2310 1989 2379 2021 Do-

1301 2027 1396 2056 minio
1413 2028 1531 2059 alterius.

1336 2072 1362 2103 5.
1382 2064 1662 2106 Renunciaburitque
1686 2070 1819 2107 praeterea
1836 2088 1847 2104 ,
1872 2071 1958 2104 prout
1983 2066 2084 2096 tenore·
2106 2065 2288 2105 praesentium
2305 2064 2379 2100 dicti

1298 2103 1394 2143 Reges
1412 2115 1447 2136 ac
1470 2106 1591 2144 quilibet
1616 2116 1716 2138 eornm
1736 2105 1915 2137 renunciabit
1931 2105 1964 2136 ὃς
1984 2105 2129 2136 renunciat
2146 2107 2308 2146 cuicunque
2326 2107 2379 2138 Li-

1296 2145 1342 2182 gze'
1357 2166 1366 2181 ,
1392 2142 1631 2176 Consederationi
1647 2169 1657 2184 ,
1683 2144 1889 2184 Capitulationi
1906 2167 1915 2181 ,
1931 2144 1965 2176 &
1986 2143 2180 2184 intelligentiae
2196 2147 2226 2176 in
2246 2145 2380 2184 praejudis

1297 2192 1377 2213 cium
1397 2185 1494 2221 unius,
1514 2184 1559 2215 vel
1577 2184 1689 2215 alterius
1708 2182 1932 2224 quomodolibet
1950 2182 2054 2221 saetae,
2072 2192 2137 2221 quae
2153 2184 2379 2225 praeffintiPacss

1297 2221 1330 2252 &
1357 2223 1526 2253 concordiae
1549 2223 1740 2262 omnibusque
1763 2224 1797 2256 &
1822 2222 1933 2261 singulis
1952 2223 1981 2251 in
2001 2232 2034 2252 ea
2053 2223 2196 2254 contentis
2212 2232 2350 2264 repugnet
2363 2246 2376 2264 ‚

1295 2260 1341 2291 vel
1366 2271 1520 2301 repugnare
1546 2261 1629 2301 poslit
1682 2261 1780 2301 easque
1803 2266 1906 2292 omnes
1924 2282 1934 2298 ,
1962 2261 1996 2292 δε
2022 2260 2140 2298 singulas
2166 2263 2260 2300 quoad
2284 2262 2376 2294 effec-

1294 2308 1356 2331 tum
1376 2302 1546 2340 praeditstum
1566 2302 1638 2336 calla
1664 2311 1713 2334 unt
1730 2324 1741 2343 ,
1767 2301 1800 2334 &
1818 2299 1983 2333 anullabunt
1999 2322 2010 2339 ,
2026 2299 2182 2341 nulliusque
2201 2301 2322 2335 effectus
2338 2302 2375 2335 &

1296 2344 1439 2373 momenti
1458 2343 1653 2376 declarabunt.

1317 2381 1360 2424 .⁶·
1382 2380 1455 2412 Item
1472 2383 1590 2420 paetum
1607 2384 1640 2415 &
1659 2390 1840 2415 conventum
1855 2390 1887 2413 ut
1906 2379 1994 2412 iidem
2009 2380 2181 2413 Serenisfimi
2200 2380 2296 2422 Reges
2306 2379 2372 2411 sub-

1293 2418 1368 2449 ditos
1387 2420 1450 2451 suos
1469 2423 1506 2452 ab
1521 2423 1603 2453 omni
1622 2423 1650 2453 vi
1667 2446 1676 2461 ,
1700 2423 1733 2453 &
1753 2422 1850 2460 injuria
1869 2420 2010 2452 abstinere
2029 2429 2152 2459 curent,
2177 2427 2372 2457 revocentque

1294 2458 1477 2499 quascunque
1505 2459 1733 2493 Commissiones
1751 2471 1784 2492 ac
1805 2461 1896 2492 liter-as
1914 2469 1971 2491 tam
1990 2459 2214 2502 repressaliarum
2233 2480 2244 2496 ,
2267 2458 2313 2488 seu
2332 2456 2370 2488 de

1296 2506 1389 2529 marca
1403 2521 1413 2536 ,
1432 2509 1516 2537 quam
1535 2500 1699 2532 facult-atem
1715 2499 1861 2538 praedandi
1881 2499 2081 2534 continentes,
2110 2496 2301 2534 cuiuscunque
2319 2504 2371 2535 ge·

1295 2538 1368 2566 neris
1391 2546 1438 2568 aut
1461 2538 1636 2569 conditionis
1663 2539 1715 2570 sint
1738 2539 1767 2569 in
1792 2536 1986 2576 praejudicium
2005 2535 2113 2566 alterius
2133 2534 2225 2573 Regis
2244 2535 2289 2566 vel
2304 2534 2370 2565 sub-

1299 2574 1427 2606 ditorum
1440 2599 1448 2613 ,
1474 2577 1589 2607 subditis
1608 2577 1659 2608 suis
1675 2601 1684 2616 ,
1713 2576 1781 2608 Sive
1799 2575 1902 2607 incolis
1920 2574 1976 2606 five
1992 2575 2130 2605 eXtraneis
2146 2573 2224 2605 datas
2242 2574 2276 2606 &
2295 2582 2371 2604 con-

1293 2613 1401 2652 cessas,
1426 2615 1524 2653 easque
1550 2615 1637 2645 nullas
1654 2639 1663 2653 ,
1688 2615 1772 2646 casias
1797 2615 1830 2646 &
1855 2614 1943 2644 irritas
1969 2611 2142 2651 declarent,
2166 2621 2197 2644 ut
2215 2612 2274 2643 hoc
2293 2613 2371 2651 pacis

1293 2652 1410 2683 traCtatu
1433 2654 1517 2683 nullae
1534 2677 1543 2691 ,
1567 2653 1650 2684 casile
1670 2654 1702 2685 ὃς
1728 2654 1812 2684 irritae
1831 2651 2016 2684 declarentur.
2055 2650 2092 2683 Et
2111 2652 2275 2690 quicunque
2293 2661 2369 2682 con-

1292 2693 1466 2722 travenerint
1484 2714 1493 2729 ,
1512 2693 1680 2730 puniantur,
1699 2692 1731 2722 &
1750 2699 1852 2730 praeter
1870 2690 2008 2720 inflictam
2027 2690 2203 2720 criminalem
2223 2699 2342 2728 poenam
2358 2707 2373 2728 9

1291 2729 1407 2796 lsubditis
1430 2730 1498 2760 laesis
1521 2731 1555 2762 ὃς
1579 2731 1609 2761 id
1639 2729 1846 2769 requirentibus
1869 2728 1941 2760 illata
1967 2727 2071 2759 damna
2091 2728 2222 2760 resarcire
2238 2727 2372 2767 compel-

1302 2776 1392 2798 antsss.

1332 2815 1359 2844 7.
1377 2806 1453 2838 Item
1473 2815 1655 2839 conventum
1672 2807 1703 2838 &
1723 2805 1877 2837 stabilitum
1893 2805 1946 2837 fuit
1961 2829 1972 2843 ‚
1990 2805 2024 2837 &
2043 2803 2103 2843 est,
2123 2804 2202 2841 quod
2222 2806 2295 2837 inter
2316 2804 2370 2837 Se-

1292 2845 1470 2876 reniffimum
1490 2847 1604 2885 Regem
1622 2847 1820 2886 Hispaniarum
1837 2844 1870 2875 &
1886 2843 2102 2875 Serenissimum
2122 2842 2238 2883 Regem
2250 2843 2369 2882 Angliae

1290 2893 1323 2914 ac
1343 2885 1492 2922 cujussibet
1509 2895 1612 2916 eorum
1633 2885 1763 2916 valiallos
1776 2906 1786 2922 ,
1810 2883 1918 2913 incolas
1931 2907 1940 2920 ,
1968 2883 2001 2914 &
2020 2882 2147 2913 subditos
2164 2891 2222 2913 tam
2242 2892 2291 2920 per
2312 2892 2370 2914 ter-

1293 2932 1353 2952 ram
1367 2945 1377 2960 ,
1403 2934 1487 2962 quam
1515 2933 1564 2962 per
1591 2933 1669 2953 mare
1686 2947 1695 2960 ,
1722 2924 1756 2954 &
1781 2932 1865 2959 aquas
1890 2922 1986 2953 dulces
2002 2922 2031 2951 in
2049 2921 2186 2951 omnibus
2204 2922 2238 2953 ὃς
2256 2921 2371 2961 singulis

1293 2961 1421 3000 Regnis,
1442 2962 1590 2993 Dominiis
1608 2964 1641 2993 ὃ(
1663 2961 1772 2998 insulis,
1790 2961 1900 2998 aliisque
1919 2961 2017 2997 terris,
2037 2960 2217 2999 civitatibus,
2235 2961 2369 3000 oppidis,

1293 3000 1366 3030 villis
1380 3025 1389 3037 ,
1415 3002 1576 3040 portubus,
1597 3011 1630 3032 ac
1652 2999 1827 3032 districtibus
1841 2999 1987 3030 dictorum
2005 2998 2180 3039 Regnorum
2199 3001 2233 3030 ὃς
2254 2999 2367 3030 1)οωί-

1289 3039 1405 3070 niorutn
1425 3040 1480 3079 sit,
1505 3041 1539 3071 &
1558 3039 1615 3070 esse
1637 3039 1739 3070 debeat
1757 3038 1969 3069 commercium
1986 3060 1997 3075 ‚
2022 3038 2052 3068 in
2080 3037 2181 3075 quibus
2200 3039 2273 3069 inter
2288 3038 2366 3069 dicta

1293 3076 1396 3115 Regna
1420 3079 1473 3110 fuit
1498 3079 1713 3109 commercium
1741 3084 1805 3106 ante
1828 3076 1937 3106 bellum
1954 3077 2028 3107 inter
2048 3075 2202 3115 Philippum
2217 3077 2367 3116 ficundum

1291 3117 1488 3155 Hispaniarum
1508 3116 1645 3185 Regffl‚
1663 3117 1697 3148 &
1716 3113 1870 3144 Elizabeth
1887 3114 2003 3152 Angliae
2019 3113 2183 3154 Reginam,
2201 3124 2287 3154 prout
2302 3115 2368 3147 Sta-

1293 3156 1403 3186 bilitum
1421 3157 1474 3187 fuit
1490 3154 1519 3185 in
1537 3164 1578 3186 tra
1625 3162 1654 3184 tu
1675 3155 1748 3192 pacis
1765 3154 1831 3185 anni
1851 3154 1992 3185 millefimi
2005 3152 2197 3185 sexcentesimi
2214 3155 2304 3193 quarti
2323 3164 2369 3184 ar-

1293 3194 1382 3225 ticulo
1402 3204 1499 3232 nono,
1514 3194 1593 3231 juitta
1610 3194 1643 3226 &
1662 3192 1819 3224 secundum
1840 3192 1941 3231 usum,
1960 3193 1993 3224 ὅ(
2010 3192 2217 3224 observantiam
2235 3194 2368 3231 antiquo-

1296 3241 1361 3262 rum
1385 3232 1528 3264 foederum
1544 3255 1554 3271 ,
1579 3232 1613 3263 &
1635 3232 1806 3262 tractatuum
1831 3230 1910 3270 supra
1934 3231 2046 3262 didtum
2065 3239 2176 3270 tempus
2193 3232 2371 3263 anteceden-

1296 3267 1384 3304 tium,
1404 3272 1439 3302 ita
1459 3280 1490 3302 ut
1507 3271 1610 3309 absque
1627 3271 1724 3308 aliquo
1739 3271 1815 3302 salvo
1835 3269 1985 3301 conductu
1999 3294 2008 3307 ,
2029 3269 2138 3308 aliaque
2155 3269 2268 3301 licentia
2283 3280 2371 3310 gene-

1299 3309 1370 3347 rali,
1388 3310 1432 3340 vel
1452 3310 1559 3348 speciali
1578 3317 1638 3340 tam
1654 3319 1703 3347 per
1719 3318 1822 3341 terram
1839 3332 1848 3346 ,
1864 3318 1950 3347 quam
1967 3318 2015 3344 per
2036 3317 2113 3340 mare
2153 3308 2188 3340 &
2206 3319 2290 3348 aquas
2306 3307 2373 3339 dul-

1300 3357 1347 3378 ces
1362 3347 1463 3378 subditi
1481 3350 1514 3380 &
1534 3348 1636 3379 vassalli
1654 3349 1735 3379 unius
1750 3371 1759 3386 ‚
1775 3348 1808 3379 &
1826 3348 1936 3379 alterius
1953 3346 2042 3386 Regis
2061 3357 2100 3385 po
2124 3355 2187 3386 int,
2207 3349 2241 3381 &
2259 3348 2369 3380 valeant

1299 3386 1334 3416 ad
1354 3388 1453 3417 omnia
1468 3387 1601 3425 praedidta
1616 3396 1775 3424 eorumque
1794 3388 1931 3417 omnium
1950 3386 2097 3425 civitates,
2114 3385 2236 3425 oppida,
2253 3393 2350 3425 portus

1300 3424 1395 3456 littora
1410 3448 1419 3463 ,
1437 3426 1510 3456 sinus
1531 3426 1564 3457 δε
1580 3424 1719 3456 ἀίίὶῑίἇὶυε
1737 3425 1873 3456 accedere
1887 3448 1898 3464 ,
1916 3425 2018 3455 intrare
2029 3447 2039 3463 ,
2063 3426 2216 3464 navigare,
2231 3426 2265 3457 &
2283 3404 2369 3466 quos:

1304 3473 1420 3502 cunque
1444 3473 1540 3503 portus
1563 3464 1653 3494 subire
1669 3488 1678 3502 ,
1706 3464 1734 3494 in
1764 3464 1867 3501 quibus
1890 3472 1956 3494 ante
1979 3462 2171 3500 supradictum
2188 3471 2299 3500 tempus
2316 3459 2370 3491 fuit

1304 3511 1440 3534 mutuum
1464 3503 1676 3533 commercium
1689 3525 1699 3540 ,
1723 3503 1756 3533 &
1771 3503 1849 3540 juxta
1868 3502 1902 3533 &
1921 3502 2078 3533 secundum
2094 3501 2173 3533 usum
2190 3523 2200 3538 ‚
2222 3501 2256 3532 &
2273 3498 2369 3529 obser-

1305 3543 1430 3572 vantiam
1450 3543 1632 3579 antiquorum
1653 3540 1798 3572 foederum
1817 3542 1851 3572 &
1870 3540 2041 3572 trastatuum
2056 3539 2277 3578 praedictorum,
2295 3545 2368 3581 cum

1305 3579 1432 3617 plaustris
1444 3603 1454 3617 ,
1479 3581 1559 3618 equis
1572 3602 1581 3617 ,
1598 3579 1739 3610 sarcinulis
1751 3602 1760 3617 ,
1784 3580 1901 3618 navigiis
1916 3587 1974 3610 tarn
1992 3579 2101 3610 onustis
2117 3586 2202 3615 quam
2219 3574 2370 3620 onerandis

1305 3625 1415 3649 merces
1429 3619 1584 3656 importare
1597 3642 1607 3656 ,
1631 3628 1724 3648 emere
1742 3642 1752 3655 ,
1770 3618 1894 3649 vendere
1913 3618 1942 3648 in
1959 3617 2056 3648 iisdem
2072 3623 2209 3655 quantum
2224 3613 2372 3658 yoluerint

1308 3666 1504 3688 commeatum
1519 3656 1616 3694 resque
1627 3656 1663 3686 ad
1678 3657 1807 3695 vietum,
1827 3657 1860 3688 ὃς
1875 3656 2085 3695 profectionem
2098 3651 2278 3695 necessariaS,
2291 3651 2370 3696 justo

1309 3697 1407 3733 precio
1428 3695 1479 3726 sibi
1498 3694 1652 3732 affumere,
1675 3694 1857 3726 restaurandis
1872 3696 2006 3734 navigiis,
2024 3694 2058 3725 ὃς
2074 3690 2210 3736 vehiculis
2224 3700 2373 3736 propriis,

1308 3733 1355 3763 vel
1368 3734 1520 3764 conductis
1537 3756 1546 3771 ,
1572 3742 1618 3765 aut
1633 3734 1826 3764 commodatis
1837 3742 1958 3772 operam
1972 3732 2037 3762 dare
2053 3753 2063 3768 ,
2086 3730 2163 3759 illinc
2178 3737 2249 3759 cum
2266 3739 2370 3760 merci-

1308 3772 1361 3802 bus
1385 3773 1469 3802 bonis
1491 3782 1525 3803 ac
1542 3773 1625 3802 rebus
1640 3772 1867 3810 quibuscumque
1883 3771 1977 3802 solutis
1994 3792 2003 3807 ,
2025 3770 2104 3807 juxta
2117 3766 2251 3810 locorum
2268 3767 2371 3800 statuta

1307 3810 1420 3841 teloniis
1434 3811 1468 3841 ὅ(
1484 3811 1669 3850 vefflgaHbus
1684 3811 1865 3849 praesentibus
1880 3818 1992 3840 tantum
2005 3806 2102 3837 eadem
2115 3804 2241 3837 libertate
2255 3807 2372 3838 recede-

1310 3858 1339 3878 re
1357 3872 1366 3885 ,
1392 3848 1514 3888 indeque
1533 3850 1567 3880 ad
1590 3849 1692 3880 Patrias
1711 3850 1836 3887 proprias
1858 3848 1904 3880 vel
1923 3846 2022 3878 alienas
2039 3843 2305 3883 quomodocunque
2319 3855 2373 3877 ve-

1306 3886 1359 3917 lint
1369 3909 1379 3924 ,
1398 3887 1431 3917 &
1447 3887 1504 3918 fine
1519 3888 1726 3925 impedimento
1740 3889 1826 3918 exire.
1942 3922 1946 3927 .
2059 3921 2065 3926 ,
2303 3922 2308 3927 ,

1350 3926 1376 3956 8.
1395 3925 1468 3956 Item
1484 3935 1663 3957 conventum
1673 3949 1683 3964 ,
1697 3928 1730 3957 &
1745 3927 1845 3963 pariter
1862 3921 2009 3953 stabilitum
2025 3919 2078 3964 fuit
2088 3943 2099 3959 ,
2114 3921 2148 3953 &
2164 3920 2224 3966 esi,
2243 3929 2274 3952 ut
2290 3921 2373 3953 liceat

1309 3964 1345 3995 ad
1360 3964 1504 3994 dictorum
1519 3964 1639 4004 Regum
1655 3973 1753 4002 portus
1766 3961 1897 3994 accedere
1914 3982 1924 3998 ,
1944 3968 2048 3989 morari
2062 3982 2071 3998 ‚
2090 3959 2123 3990 &
2138 3959 2227 3991 redire
2241 3969 2310 3990 cum
2325 3970 2372 3991 ea-

1310 4004 1377 4036 dem
1394 4003 1519 4035 libertate
1533 4005 1641 4035 nedum
1656 4013 1728 4035 cum
1739 4002 1870 4034 navimus
1880 3997 1914 4043 ad
1929 3998 2010 4030 usum
2025 3999 2198 4030 commercii
2211 4021 2222 4037 ,
2248 3999 2281 4030 &
2298 4008 2374 4042 mer-

2297 4045 2375 4068 cium

2402 1729 2422 1749 Ψ
2446 1724 2532 1761 xlx.

2402 1778 2468 1798 222.
